01,BANKOFAMERICA,yal82231,240328,0602,1,80,1,2/
02,yal82231,011900571,1,240328,0602,,3/
03,000000820772,USD/
16,164,99860168,Z,87008524078,000000000000/
88,ANTHEM BCBS OF C DES:E-PAYMENT  ID:EE52770016               
88,INDN:LAWRENCE & MEMOR        CO ID:1352145715 CTX           
88,ADDITIONAL INFORMATION IS AVAILABLE FOR THIS PMT.           
88,CONTACT A TREASURY SALES OFFICER FOR ASSISTANCE.
16,164,1017382,Z,87007838148,000000000000/
88,STATE OF CT      DES:VENDOR ACH ID:57437888                 
88,INDN:LAWRENCE AND MEM        CO ID:5066000798 CTX           
88,ADDITIONAL INFORMATION IS AVAILABLE FOR THIS PMT.           
88,CONTACT A TREASURY SALES OFFICER FOR ASSISTANCE.
16,164,16815,Z,87007845071,000000000000/
88,STATE OF CT      DES:VENDOR ACH ID:57437888                 
88,INDN:LAWRENCE AND MEM        CO ID:5066000798 CTX           
88,ADDITIONAL INFORMATION IS AVAILABLE FOR THIS PMT.           
88,CONTACT A TREASURY SALES OFFICER FOR ASSISTANCE.
16,164,6000,Z,87007845792,000000000000/
88,STATE OF CT      DES:VENDOR ACH ID:57437888                 
88,INDN:LAWRENCE AND MEM        CO ID:5066000798 CTX           
88,ADDITIONAL INFORMATION IS AVAILABLE FOR THIS PMT.           
88,CONTACT A TREASURY SALES OFFICER FOR ASSISTANCE.
16,164,2500,Z,87008524104,000000000000/
88,ELEVANCE HLTH AP DES:E-PAYMENT  ID:EE52770015               
88,INDN:LAWRENCE & MEMOR        CO ID:1352145715 CTX           
88,ADDITIONAL INFORMATION IS AVAILABLE FOR THIS PMT.           
88,CONTACT A TREASURY SALES OFFICER FOR ASSISTANCE.
16,164,2000,Z,87007846325,000000000000/
88,STATE OF CT      DES:VENDOR ACH ID:57437888                 
88,INDN:LAWRENCE AND MEM        CO ID:5066000798 CTX           
88,ADDITIONAL INFORMATION IS AVAILABLE FOR THIS PMT.           
88,CONTACT A TREASURY SALES OFFICER FOR ASSISTANCE.
16,165,17100947,Z,87013533624,000000000000/
88,UnitedHealthcare DES:HCCLAIMPMT ID:060646704                
88,INDN:LAWRENCE AND MEMORIAL   CO ID:1111187726 CCD           
88,PMT INFO:TRN*1*Q6083216*1411289245*000087726-
16,165,11889819,Z,87013533596,000000000000/
88,UnitedHealthcare DES:HCCLAIMPMT ID:060646704                
88,INDN:LAWRENCE AND MEMORIAL   CO ID:1111187726 CCD           
88,PMT INFO:TRN*1*C2934433*1411289245*000087726-
16,165,9836424,Z,86013903804,000000000000/
88,NATIONAL GOVERNM DES:HCCLAIMPMT ID:070007                   
88,INDN:LAWRENCE & MEMORIAL HO  CO ID:8351840597 CCD           
88,PMT INFO:TRN*1*EFT4015020*1351840597*000013001~
16,165,9436690,Z,86013903802,000000000000/
88,NATIONAL GOVERNM DES:HCCLAIMPMT ID:070007                   
88,INDN:LAWRENCE & MEMORIAL HO  CO ID:8351840597 CCD           
88,PMT INFO:TRN*1*EFT4015019*1351840597*000013001~
16,165,8665930,Z,87013532960,000000000000/
88,UNITEDHEALTHCARE DES:HCCLAIMPMT ID:060646704                
88,INDN:LAWRENCE AND MEMORIAL   CO ID:1411289245 CCD           
88,PMT INFO:TRN*1*1TZ75825881*1411289245*000087726-
16,165,4608881,Z,87003152006,000000000000/
88,HUMANA GOVT BUSI DES:HCCLAIMPMT ID:2232506887               
88,INDN:LAWRENCE AND MEMORIAL   CO ID:2610647538 CCD           
88,PMT INFO:TRN*1*2232506887*1611241225*WPSEAST  -
16,165,3713225,Z,87013532980,000000000000/
88,UNITEDHEALTHCARE DES:HCCLAIMPMT ID:060646704                
88,INDN:LAWRENCE AND MEMORIAL   CO ID:1411289245 CCD           
88,PMT INFO:TRN*1*1TZ75792414*1411289245*000087726-
16,165,3090674,Z,87012538937,000000000000/
88,WELLCARECTCARE   DES:HCCLAIMPMT ID:100121227053000          
88,INDN:LAWRENCE AND  MEMORIAL  CO ID:9038135150 CCD           
88,PMT INFO:TRN*1*1001212270*1061405640-
16,165,2909606,Z,86007010390,000000000000/
88,AETNA AS01       DES:HCCLAIMPMT ID:1073530879               
88,INDN:Lawrence & Memorial Ho  CO ID:3066033492 CCD           
88,PMT INFO:TRN*1*882408301001074*1066033492-
16,165,2099213,Z,87003153132,000000000000/
88,ANTHEM BLUE CT5C DES:HCCLAIMPMT ID:3236824939               
88,INDN:LAWRENCE AND MEMORIAL   CO ID:3061475928 CCD           
88,PMT INFO:TRN*1*3236824939*1061475928-
16,165,1875341,Z,87021691748,000000000000/
88,NALC HOSPITAL    DES:HCCLAIMPMT ID:325732470001337          
88,INDN:LAWRENCE MEMORIAL HOSP  CO ID:6541875242 CCD           
88,PMT INFO:TRN*1*325732470001337*1530114650~
16,165,1600900,Z,87003152355,000000000000/
88,HUMANA GOVT BUSI DES:HCCLAIMPMT ID:4001507977               
88,INDN:LAWRENCE AND MEMORIAL   CO ID:1611241225 CCD           
88,PMT INFO:TRN*1*4001507977*1611241225*WPSEAST  -
16,165,1562014,Z,87018228689,000000000000/
88,VERITY SOLUTIONS DES:VERITY     ID:V-11845                  
88,INDN:LAWRENCEANDMEMORIAL     CO ID:7029100307 CCD
16,165,1253664,Z,87021406742,000000000000/
88,ZP  TPCon134     DES:HCCLAIMPMT ID:060646704                
88,INDN:Lawrence and Memorial   CO ID:6452579291 CCD           
88,PMT INFO:TRN*1*469295431*1454674412-
16,165,1242757,Z,88007049087,000000000000/
88,ECHO-EMBLEMHEALT DES:HCCLAIMPMT ID:060646704                
88,INDN:LAWRENCE AND MEMORIAL   CO ID:2326137891 CCD           
88,PMT INFO:TRN*1*1130738936*1341858379-
16,165,1060871,Z,86007013624,000000000000/
88,AETNA AS01       DES:HCCLAIMPMT ID:1073530879               
88,INDN:Lawrence & Memorial Ho  CO ID:3066033492 CCD           
88,PMT INFO:TRN*1*882408301002833*1066033492-
16,165,826829,Z,88007049085,000000000000/
88,ECHO-EMBLEMHEALT DES:HCCLAIMPMT ID:060646704                
88,INDN:LAWRENCE AND MEMORIAL   CO ID:2326137891 CCD           
88,PMT INFO:TRN*1*1130738933*1341858379-
16,165,633624,Z,87003153379,000000000000/
88,ANTHEM BLUE CT5F DES:HCCLAIMPMT ID:3236824937               
88,INDN:LAWRENCE AND MEMORIAL   CO ID:2061475928 CCD           
88,PMT INFO:TRN*1*3236824937*1061475928-
16,165,521967,Z,88002044828,000000000000/
88,BANK OF AMERICA  DES:DEPOSIT    ID:313303308883             
88,INDN:LAWRENCE & MEMORIAL HO  CO ID:0941687665 CCD
16,165,463998,Z,87013527527,000000000000/
88,AARP Supplementa DES:HCCLAIMPMT ID:060646704                
88,INDN:LAWRENCE AND MEMORIAL   CO ID:1362739571 CCD           
88,PMT INFO:TRN*1*91045216650*1362739571*000036273-
16,165,445398,Z,87012538920,000000000000/
88,WELLCARE HEALTH  DES:HCCLAIMPMT ID:100023938453000          
88,INDN:LAWRENCE AND  MEMORIAL  CO ID:9023564003 CCD           
88,PMT INFO:TRN*1*1000239384*1832126269-
16,165,404933,Z,87012518311,000000000000/
88,WPS-TMEP CONTRAC DES:HCCLAIMPMT ID:2503516964               
88,INDN:LAWRENCE AND MEMORIAL   CO ID:9387331000 CCD           
88,PMT INFO:TRN*1*2503516964*1391268299*WPSTDEFIC-
16,165,354943,Z,87013525236,000000000000/
88,UHC GOVERNMENT E DES:HCCLAIMPMT ID:060646704                
88,INDN:LAWRENCE AND MEMORIAL   CO ID:1783600010 CCD           
88,PMT INFO:TRN*1*UH0732408105105107580900*139199527           
88,6*0000UMR01-
16,165,302273,Z,86013902847,000000000000/
88,NGS  INC.        DES:HCCLAIMPMT ID:1073530879               
88,INDN:LAWRENCE AND MEMORIAL   CO ID:A351840597 CCD           
88,PMT INFO:TRN*1*812311884*1351840597~
16,165,269000,Z,88007049099,000000000000/
88,ECHO-EMBLEMHEALT DES:HCCLAIMPMT ID:060646704                
88,INDN:LAWRENCE AND MEMORIAL   CO ID:2326137891 CCD           
88,PMT INFO:TRN*1*1130738932*1341858379-
16,165,163200,Z,87003153377,000000000000/
88,ANTHEM BLUE CT5F DES:HCCLAIMPMT ID:3236824936               
88,INDN:LAWRENCE AND MEMORIAL   CO ID:2061475928 CCD           
88,PMT INFO:TRN*1*3236824936*1061475928-
16,165,158570,Z,86007030028,000000000000/
88,AETNA AS01       DES:HCCLAIMPMT ID:1073530879               
88,INDN:Lawrence & Memorial Ho  CO ID:3066033492 CCD           
88,PMT INFO:TRN*1*882408301019176*1066033492-
16,165,146500,Z,87013525421,000000000000/
88,UnitedHealthcare DES:HCCLAIMPMT ID:060646704                
88,INDN:LAWRENCE AND MEMORIAL   CO ID:1780000000 CCD           
88,PMT INFO:TRN*1*UH8982434778700000000000000924*139           
88,1995276*0000UMR01-
16,165,123444,Z,87013527245,000000000000/
88,UnitedHealthcare DES:HCCLAIMPMT ID:060646704                
88,INDN:LAWRENCE AND MEMORIAL   CO ID:1713627395 CCD           
88,PMT INFO:TRN*1*26642300*1411289245*000087726-
16,165,118294,Z,87003153130,000000000000/
88,ANTHEM BLUE CT5C DES:HCCLAIMPMT ID:3236824940               
88,INDN:LAWRENCE   MEMORIAL HO  CO ID:3061475928 CCD           
88,PMT INFO:TRN*1*3236824940*1061475928-
16,165,103040,Z,87013526228,000000000000/
88,UNITED BEHAVIORA DES:HCCLAIMPMT ID:060646704                
88,INDN:LAWRENCE AND MEMORIAL   CO ID:1805600008 CCD           
88,PMT INFO:TRN*1*C5618218*1411289245*000087726-
16,165,95463,Z,87013525461,000000000000/
88,UnitedHealthcare DES:HCCLAIMPMT ID:060646704                
88,INDN:LAWRENCE AND MEMORIAL   CO ID:1780000000 CCD           
88,PMT INFO:TRN*1*UH8982444626300000000000000911*139           
88,1995276*0000UMR01-
16,165,95463,Z,87013527163,000000000000/
88,UnitedHealthcare DES:HCCLAIMPMT ID:060646704                
88,INDN:LAWRENCE AND MEMORIAL   CO ID:1111411289 CCD           
88,PMT INFO:TRN*1*26619983*4112892425*000087726-
16,165,73400,Z,87013525427,000000000000/
88,UnitedHealthcare DES:HCCLAIMPMT ID:060646704                
88,INDN:LAWRENCE AND MEMORIAL   CO ID:1780000000 CCD           
88,PMT INFO:TRN*1*UH8982450395500000000000000925*139           
88,1995276*0000UMR01-
16,165,65748,Z,87013532860,000000000000/
88,UNITEDHEALTHCARE DES:HCCLAIMPMT ID:060646704                
88,INDN:LAWRENCE AND MEMORIAL   CO ID:1411289245 CCD           
88,PMT INFO:TRN*1*1TZ75714615*1411289245*000087726-
16,165,62062,Z,87012518294,000000000000/
88,WPS-TMEP CONTRAC DES:HCCLAIMPMT ID:1500068800               
88,INDN:LAWRENCE AND MEMORIAL   CO ID:9387687000 CCD           
88,PMT INFO:TRN*1*1500068800*1000000299*WPSTDEFIC-
16,165,60308,Z,88007049101,000000000000/
88,ECHO-EMBLEMHEALT DES:HCCLAIMPMT ID:060646704                
88,INDN:LAWRENCE AND MEMORIAL   CO ID:2326137891 CCD           
88,PMT INFO:TRN*1*1130738935*1341858379-
16,165,57281,Z,87018229169,000000000000/
88,Optum VA CCN Reg DES:HCCLAIMPMT ID:060646704                
88,INDN:LAWRENCE AND MEMORIAL   CO ID:1120458126 CCD           
88,PMT INFO:TRN*1*7004254286*1204581265*0000VACCN-
16,165,52434,Z,87013525242,000000000000/
88,UHC GOVERNMENT E DES:HCCLAIMPMT ID:060646704                
88,INDN:LAWRENCE AND MEMORIAL   CO ID:1783600010 CCD           
88,PMT INFO:TRN*1*UH0732408105382107580899*139199527           
88,6*0000UMR01-
16,165,49844,Z,87003152002,000000000000/
88,HUMANA GOVT BUSI DES:HCCLAIMPMT ID:2232506885               
88,INDN:LAWRENCE AND MEMORIAL   CO ID:2610647538 CCD           
88,PMT INFO:TRN*1*2232506885*1611241225*WPSEAST  -
16,165,42664,Z,87013533552,000000000000/
88,UnitedHealthcare DES:HCCLAIMPMT ID:060646704                
88,INDN:LAWRENCE AND MEMORIAL   CO ID:1111187726 CCD           
88,PMT INFO:TRN*1*C2937884*1411289245*000087726-
16,165,38726,Z,87003152351,000000000000/
88,HUMANA GOVT BUSI DES:HCCLAIMPMT ID:4001507975               
88,INDN:LAWRENCE AND MEMORIAL   CO ID:1611241225 CCD           
88,PMT INFO:TRN*1*4001507975*1611241225*WPSEAST  -
16,165,36900,Z,87018229048,000000000000/
88,STUDENT RESOURCE DES:HCCLAIMPMT ID:060646704                
88,INDN:LAWRENCE AND MEMORIAL   CO ID:1742270442 CCD           
88,PMT INFO:TRN*1*9021005723*1742270442*000087726-
16,165,36800,Z,88002047117,000000000000/
88,BANK OF AMERICA  DES:DEPOSIT    ID:313767839886             
88,INDN:L & M OCCUPATIONAL HEA  CO ID:0941687665 CCD
16,165,29762,Z,87013526230,000000000000/
88,UNITED BEHAVIORA DES:HCCLAIMPMT ID:060646704                
88,INDN:LAWRENCE AND MEMORIAL   CO ID:1805600008 CCD           
88,PMT INFO:TRN*1*C5617643*1411289245*000087726-
16,165,29545,Z,88007049097,000000000000/
88,ECHO-EMBLEMHEALT DES:HCCLAIMPMT ID:060646704                
88,INDN:LAWRENCE AND MEMORIAL   CO ID:2326137891 CCD           
88,PMT INFO:TRN*1*1130738934*1341858379-
16,165,26552,Z,87003153134,000000000000/
88,ANTHEM BLUE CT5C DES:HCCLAIMPMT ID:3236824941               
88,INDN:LAWRENCE AND MEMORIAL   CO ID:3061475928 CCD           
88,PMT INFO:TRN*1*3236824941*1061475928-
16,165,25212,Z,87021406736,000000000000/
88,ZP  ConnIRMA705  DES:HCCLAIMPMT ID:060646704                
88,INDN:Lawrence and Memorial   CO ID:6452579291 CCD           
88,PMT INFO:TRN*1*470140542*1061048749-
16,165,22416,Z,87013525578,000000000000/
88,Oxford Health Pl DES:HCCLAIMPMT ID:060646704                
88,INDN:LAWRENCE AND MEMORIAL   CO ID:1152244375 CCD           
88,PMT INFO:TRN*1*26597151*1522443751*000006111-
16,165,21899,Z,87012538946,000000000000/
88,New York Quality DES:HCCLAIMPMT ID:100391523395300          
88,INDN:LAWRENCE MEMORIAL HOSP  CO ID:9007455481 CCD           
88,PMT INFO:TRN*1*10039152339*1141676443-
16,165,18021,Z,87003152004,000000000000/
88,HUMANA GOVT BUSI DES:HCCLAIMPMT ID:2232506886               
88,INDN:LAWRENCE MEMORIAL HOSP  CO ID:2610647538 CCD           
88,PMT INFO:TRN*1*2232506886*1611241225*WPSEAST  -
16,165,17717,Z,87013533140,000000000000/
88,UnitedHealthcare DES:HCCLAIMPMT ID:060646704                
88,INDN:LAWRENCE AND MEMORIAL   CO ID:1111187726 CCD           
88,PMT INFO:TRN*1*C6772892*1411289245*000087726-
16,165,17475,Z,87012538918,000000000000/
88,WELLCARE HEALTH  DES:HCCLAIMPMT ID:100023938753000          
88,INDN:LAWRENCE MEMORIAL HOSP  CO ID:9023564003 CCD           
88,PMT INFO:TRN*1*1000239387*1832126269-
16,165,14854,Z,86007099916,000000000000/
88,AETNA AS01       DES:HCCLAIMPMT ID:1073530879               
88,INDN:Lawrence & Memorial Ho  CO ID:3066033492 CCD           
88,PMT INFO:TRN*1*882408301081433*1066033492-
16,165,13981,Z,87013542630,000000000000/
88,PALMETTO GBA     DES:HCCLAIMPMT ID:1073530879               
88,INDN:LAWRENCE AND MEMORIAL   CO ID:9000000096 CCD           
88,PMT INFO:TRN*1*817606718*1571062326~
16,165,13815,Z,86007103052,000000000000/
88,AETNA AS01       DES:HCCLAIMPMT ID:1073530879               
88,INDN:Lawrence & Memorial Ho  CO ID:3066033492 CCD           
88,PMT INFO:TRN*1*882408301018154*1066033492-
16,165,12672,Z,87003152353,000000000000/
88,HUMANA GOVT BUSI DES:HCCLAIMPMT ID:4001507976               
88,INDN:LAWRENCE MEMORIAL HOSP  CO ID:1611241225 CCD           
88,PMT INFO:TRN*1*4001507976*1611241225*WPSEAST  -
16,165,12606,Z,87021406732,000000000000/
88,ZP  ConnIRMA705  DES:HCCLAIMPMT ID:060646704                
88,INDN:Lawrence and Memorial   CO ID:6452579291 CCD           
88,PMT INFO:TRN*1*470140535*1061048749-
16,165,12316,Z,87018229143,000000000000/
88,Optum VA CCN Reg DES:HCCLAIMPMT ID:060646704                
88,INDN:LAWRENCE AND MEMORIAL   CO ID:1120458126 CCD           
88,PMT INFO:TRN*1*7004251533*1204581265*0000VACCN-
16,165,10771,Z,87003152349,000000000000/
88,HUMANA GOVT BUSI DES:HCCLAIMPMT ID:4001507974               
88,INDN:LAWRENCE AND MEMORIAL   CO ID:1611241225 CCD           
88,PMT INFO:TRN*1*4001507974*1611241225*WPSEAST  -
16,165,9073,Z,88006812922,000000000000/
88,ECHO-TRUSTMARK I DES:HCCLAIMPMT ID:060646704                
88,INDN:LAWRENCE AND MEMORIAL   CO ID:1341858386 CCD           
88,PMT INFO:TRN*1*1130354352*1341858379-
16,165,7930,Z,87012538944,000000000000/
88,New York Quality DES:HCCLAIMPMT ID:100391522745300          
88,INDN:LAWRENCE MEMORIAL HOSP  CO ID:9007455481 CCD           
88,PMT INFO:TRN*1*10039152274*1141676443-
16,165,6054,Z,87012518309,000000000000/
88,WPS-TMEP CONTRAC DES:HCCLAIMPMT ID:2503515340               
88,INDN:LAWRENCE AND MEMORIAL   CO ID:9387331000 CCD           
88,PMT INFO:TRN*1*2503515340*1391268299*WPSTDEFIC-
16,165,5907,Z,87003153375,000000000000/
88,ANTHEM BLUE CT5F DES:HCCLAIMPMT ID:3236824938               
88,INDN:LAWRENCE AND MEMORIAL   CO ID:2061475928 CCD           
88,PMT INFO:TRN*1*3236824938*1061475928-
16,165,5490,Z,88007049095,000000000000/
88,ECHO-EMBLEMHEALT DES:HCCLAIMPMT ID:060646704                
88,INDN:LAWRENCE AND MEMORIAL   CO ID:2326137891 CCD           
88,PMT INFO:TRN*1*1130738931*1341858379-
16,165,5333,Z,86021987710,000000000000/
88,OXFORD HEALTH IN DES:HCCLAIMPMT ID:060646704                
88,INDN:LAWRENCE AND MEMORIAL   CO ID:2222797560 CCD           
88,PMT INFO:TRN*1*26604657*1061118515*000006111-
16,165,5330,Z,87012518307,000000000000/
88,WPS-TMEP CONTRAC DES:HCCLAIMPMT ID:2503515339               
88,INDN:DENTAL OCCLUSION FACIA  CO ID:9387331000 CCD           
88,PMT INFO:TRN*1*2503515339*1391268299*WPSTDEFIC-
16,165,4202,Z,87021406734,000000000000/
88,ZP  ConnIRMA705  DES:HCCLAIMPMT ID:060646704                
88,INDN:Lawrence and Memorial   CO ID:6452579291 CCD           
88,PMT INFO:TRN*1*470140541*1061048749-
16,165,1071,Z,87007566656,000000000000/
88,AMERICAN PROGRES DES:HCCLAIMPMT ID:                         
88,INDN:LAWRENCE MEMORIAL HOSP  CO ID:P131851754 CCD           
88,PMT INFO:TRN*1*1002500710*1131851754-
16,165,734,Z,87021406739,000000000000/
88,ZP  EXCELLUSBC27 DES:HCCLAIMPMT ID:060646704                
88,INDN:Lawrence and Memorial   CO ID:6452579291 CCD           
88,PMT INFO:TRN*1*469955963*1150329043-
16,455,2650,Z,87021406828,000000000000/
88,PAY PLUS         DES:ACHTrans   ID:000000018404884          
88,INDN:Default debit account   CO ID:5452579291 CCD           
88,PMT INFO:FeeTransfer REF#18404884
49,189008315,318/
03,000001781624,USD/
16,164,165186455,Z,87008524095,000000000000/
88,ANTHEM BCBS OF C DES:E-PAYMENT  ID:EE52770017               
88,INDN:BRIDGEPORT HOSPI        CO ID:1352145715 CTX           
88,ADDITIONAL INFORMATION IS AVAILABLE FOR THIS PMT.           
88,CONTACT A TREASURY SALES OFFICER FOR ASSISTANCE.
16,165,36413587,Z,86013903806,000000000000/
88,NATIONAL GOVERNM DES:HCCLAIMPMT ID:070010                   
88,INDN:BRIDGEPORT HOSPITAL     CO ID:8351840597 CCD           
88,PMT INFO:TRN*1*EFT4015021*1351840597*000013001~
16,165,21299965,Z,87013532698,000000000000/
88,UNITEDHEALTHCARE DES:HCCLAIMPMT ID:060646554                
88,INDN:YALE NEW HAVEN HEALTH   CO ID:1411289245 CCD           
88,PMT INFO:TRN*1*9TZ75788811*1411289245*000087726-
16,165,18106309,Z,87013533038,000000000000/
88,UNITEDHEALTHCARE DES:HCCLAIMPMT ID:060646554                
88,INDN:YALE NEW HAVEN HEALTH   CO ID:1411289245 CCD           
88,PMT INFO:TRN*1*1TZ75787693*1411289245*000087726-
16,165,14832589,Z,87013533534,000000000000/
88,UnitedHealthcare DES:HCCLAIMPMT ID:060646554                
88,INDN:YALE NEW HAVEN HEALTH   CO ID:1111187726 CCD           
88,PMT INFO:TRN*1*Q6097590*1411289245*000087726-
16,165,9354507,Z,87013533090,000000000000/
88,UnitedHealthcare DES:HCCLAIMPMT ID:060646554                
88,INDN:YALE NEW HAVEN HEALTH   CO ID:1111187726 CCD           
88,PMT INFO:TRN*1*C2935590*1411289245*000087726-
16,165,8647364,Z,87013533292,000000000000/
88,UnitedHealthcare DES:HCCLAIMPMT ID:060646554                
88,INDN:YALE NEW HAVEN HEALTH   CO ID:1111187726 CCD           
88,PMT INFO:TRN*1*Q6106489*1411289245*000087726-
16,165,8024840,Z,86013903808,000000000000/
88,NATIONAL GOVERNM DES:HCCLAIMPMT ID:070010                   
88,INDN:BRIDGEPORT HOSPITAL     CO ID:8351840597 CCD           
88,PMT INFO:TRN*1*EFT4015022*1351840597*000013001~
16,165,6766443,Z,88007048473,000000000000/
88,ECHO-EMBLEMHEALT DES:HCCLAIMPMT ID:060646554                
88,INDN:BRIDGEPORT HOSPITAL     CO ID:2326137891 CCD           
88,PMT INFO:TRN*1*1130738878*1341858379-
16,165,6140641,Z,86007009184,000000000000/
88,AETNA AS01       DES:HCCLAIMPMT ID:1992910152               
88,INDN:Bridgeport Hospital     CO ID:3066033492 CCD           
88,PMT INFO:TRN*1*882408301001294*1066033492-
16,165,5273848,Z,86013903810,000000000000/
88,NATIONAL GOVERNM DES:HCCLAIMPMT ID:07001001                 
88,INDN:BRIDGEPORT HOSPITAL     CO ID:8351840597 CCD           
88,PMT INFO:TRN*1*EFT4015023*1351840597*000013001~
16,165,4345732,Z,87012539931,000000000000/
88,WELLCARECTCARE   DES:HCCLAIMPMT ID:100121226653000          
88,INDN:BRIDGEPORT HOSPITAL     CO ID:9038135150 CCD           
88,PMT INFO:TRN*1*1001212266*1061405640-
16,165,4177456,Z,86006772970,000000000000/
88,AETNA AS01       DES:HCCLAIMPMT ID:1649260845               
88,INDN:BRIDGEPORT HOSPITAL     CO ID:1066033492 CCD           
88,PMT INFO:TRN*1*824085000268184*1066033492-
16,165,4097060,Z,86013903812,000000000000/
88,NATIONAL GOVERNM DES:HCCLAIMPMT ID:07001001                 
88,INDN:BRIDGEPORT HOSPITAL     CO ID:8351840597 CCD           
88,PMT INFO:TRN*1*EFT4015024*1351840597*000013001~
16,165,3880207,Z,87003153116,000000000000/
88,ANTHEM BLUE CT5C DES:HCCLAIMPMT ID:3236825041               
88,INDN:BRIDGEPORT HOSPITAL     CO ID:3061475928 CCD           
88,PMT INFO:TRN*1*3236825041*1061475928-
16,165,3494526,Z,87013533372,000000000000/
88,UnitedHealthcare DES:HCCLAIMPMT ID:060646554                
88,INDN:YALE NEW HAVEN HEALTH   CO ID:1111187726 CCD           
88,PMT INFO:TRN*1*C2938166*1411289245*000087726-
16,165,3227348,Z,88007048427,000000000000/
88,ECHO-EMBLEMHEALT DES:HCCLAIMPMT ID:060646554                
88,INDN:BRIDGEPORT HOSPITAL     CO ID:2326137891 CCD           
88,PMT INFO:TRN*1*1130738879*1341858379-
16,165,2995900,Z,87013527217,000000000000/
88,UnitedHealthcare DES:HCCLAIMPMT ID:060646554                
88,INDN:YALE NEW HAVEN HEALTH   CO ID:1713627395 CCD           
88,PMT INFO:TRN*1*26646386*1411289245*000087726-
16,165,2883974,Z,87013533622,000000000000/
88,UnitedHealthcare DES:HCCLAIMPMT ID:060646554                
88,INDN:YALE NEW HAVEN HEALTH   CO ID:1111187726 CCD           
88,PMT INFO:TRN*1*C2935126*1411289245*000087726-
16,165,2758118,Z,88007048437,000000000000/
88,ECHO-EMBLEMHEALT DES:HCCLAIMPMT ID:060646554                
88,INDN:BRIDGEPORT HOSPITAL     CO ID:2326137891 CCD           
88,PMT INFO:TRN*1*1130738882*1341858379-
16,165,2196550,Z,86021987768,000000000000/
88,OXFORD HEALTH IN DES:HCCLAIMPMT ID:060646554                
88,INDN:YALE NEW HAVEN HEALTH   CO ID:2222797560 CCD           
88,PMT INFO:TRN*1*26606702*1061118515*000006111-
16,165,2164380,Z,86007011122,000000000000/
88,AETNA AS01       DES:HCCLAIMPMT ID:1649260845               
88,INDN:Bridgeport Hospital     CO ID:3066033492 CCD           
88,PMT INFO:TRN*1*882408301005889*1066033492-
16,165,2123860,Z,87013533320,000000000000/
88,UnitedHealthcare DES:HCCLAIMPMT ID:060646554                
88,INDN:YALE NEW HAVEN HEALTH   CO ID:1111187726 CCD           
88,PMT INFO:TRN*1*Q6103815*1411289245*000087726-
16,165,1880121,Z,87013533114,000000000000/
88,UnitedHealthcare DES:HCCLAIMPMT ID:060646554                
88,INDN:YALE NEW HAVEN HEALTH   CO ID:1111187726 CCD           
88,PMT INFO:TRN*1*C2935465*1411289245*000087726-
16,165,1801780,Z,86007011644,000000000000/
88,AETNA AS01       DES:HCCLAIMPMT ID:1619553021               
88,INDN:Bridgeport Hospital     CO ID:3066033492 CCD           
88,PMT INFO:TRN*1*882408301019485*1066033492-
16,165,1746349,Z,87012539910,000000000000/
88,WELLCARE HEALTH  DES:HCCLAIMPMT ID:100023938153000          
88,INDN:BRIDGEPORT HOSPITAL     CO ID:9023564003 CCD           
88,PMT INFO:TRN*1*1000239381*1832126269-
16,165,1724913,Z,87013532916,000000000000/
88,UNITEDHEALTHCARE DES:HCCLAIMPMT ID:060646554                
88,INDN:YALE NEW HAVEN HEALTH   CO ID:1411289245 CCD           
88,PMT INFO:TRN*1*1TZ75703756*1411289245*000087726-
16,165,1474018,Z,87013532716,000000000000/
88,UNITEDHEALTHCARE DES:HCCLAIMPMT ID:060646554                
88,INDN:YALE NEW HAVEN HEALTH   CO ID:1411289245 CCD           
88,PMT INFO:TRN*1*1TZ75679589*1411289245*000087726-
16,165,1414414,Z,87013525419,000000000000/
88,UnitedHealthcare DES:HCCLAIMPMT ID:060646554                
88,INDN:YALE NEW HAVEN HEALTH   CO ID:1780000000 CCD           
88,PMT INFO:TRN*1*UH48600000610702018312*1391995276*           
88,0000UMR01-
16,165,1386213,Z,87013532476,000000000000/
88,UNITEDHEALTHCARE DES:HCCLAIMPMT ID:060646554                
88,INDN:YALE NEW HAVEN HEALTH   CO ID:1411289245 CCD           
88,PMT INFO:TRN*1*1TZ75700335*1411289245*000087726-
16,165,1367770,Z,87013532604,000000000000/
88,UNITEDHEALTHCARE DES:HCCLAIMPMT ID:060646554                
88,INDN:YALE NEW HAVEN HEALTH   CO ID:1411289245 CCD           
88,PMT INFO:TRN*1*1TZ75787694*1411289245*000087726-
16,165,1354080,Z,87003153114,000000000000/
88,ANTHEM BLUE CT5C DES:HCCLAIMPMT ID:3236825042               
88,INDN:BRIDGEPORT HOSPITAL     CO ID:3061475928 CCD           
88,PMT INFO:TRN*1*3236825042*1061475928-
16,165,1322002,Z,87013532966,000000000000/
88,UNITEDHEALTHCARE DES:HCCLAIMPMT ID:060646554                
88,INDN:YALE NEW HAVEN HEALTH   CO ID:1411289245 CCD           
88,PMT INFO:TRN*1*1TZ75718018*1411289245*000087726-
16,165,1225403,Z,87013525441,000000000000/
88,UnitedHealthcare DES:HCCLAIMPMT ID:060646554                
88,INDN:YALE NEW HAVEN HEALTH   CO ID:1780000000 CCD           
88,PMT INFO:TRN*1*UH8820000061071100887633*139199527           
88,6*0000UMR01-
16,165,1211036,Z,86021987780,000000000000/
88,OXFORD HEALTH IN DES:HCCLAIMPMT ID:060646554                
88,INDN:YALE NEW HAVEN HEALTH   CO ID:2222797560 CCD           
88,PMT INFO:TRN*1*26606700*1061118515*000006111-
16,165,1031849,Z,87013532830,000000000000/
88,UNITEDHEALTHCARE DES:HCCLAIMPMT ID:060646554                
88,INDN:YALE NEW HAVEN HEALTH   CO ID:1411289245 CCD           
88,PMT INFO:TRN*1*9TZ75683119*1411289245*000087726-
16,165,935814,Z,87013532618,000000000000/
88,UNITEDHEALTHCARE DES:HCCLAIMPMT ID:060646554                
88,INDN:YALE NEW HAVEN HEALTH   CO ID:1411289245 CCD           
88,PMT INFO:TRN*1*1TZ75657713*1411289245*000087726-
16,165,901588,Z,87013532606,000000000000/
88,UNITEDHEALTHCARE DES:HCCLAIMPMT ID:060646554                
88,INDN:YALE NEW HAVEN HEALTH   CO ID:1411289245 CCD           
88,PMT INFO:TRN*1*1TZ75677872*1411289245*000087726-
16,165,808349,Z,86007014920,000000000000/
88,AETNA AS01       DES:HCCLAIMPMT ID:1992910152               
88,INDN:Bridgeport Hospital     CO ID:3066033492 CCD           
88,PMT INFO:TRN*1*882408301000997*1066033492-
16,165,749062,Z,87013533166,000000000000/
88,UnitedHealthcare DES:HCCLAIMPMT ID:060646554                
88,INDN:YALE NEW HAVEN HEALTH   CO ID:1111187726 CCD           
88,PMT INFO:TRN*1*Q6096944*1411289245*000087726-
16,165,707377,Z,88007048475,000000000000/
88,ECHO-EMBLEMHEALT DES:HCCLAIMPMT ID:060646554                
88,INDN:BRIDGEPORT HOSPITAL     CO ID:2326137891 CCD           
88,PMT INFO:TRN*1*1130738881*1341858379-
16,165,670997,Z,87013525453,000000000000/
88,UnitedHealthcare DES:HCCLAIMPMT ID:060646554                
88,INDN:YALE NEW HAVEN HEALTH   CO ID:1780000000 CCD           
88,PMT INFO:TRN*1*UH6022414886000000000000004175*139           
88,1995276*0000UMR01-
16,165,619505,Z,87013533626,000000000000/
88,UnitedHealthcare DES:HCCLAIMPMT ID:060646554                
88,INDN:YALE NEW HAVEN HEALTH   CO ID:1111187726 CCD           
88,PMT INFO:TRN*1*C2935094*1411289245*000087726-
16,165,612721,Z,87013532666,000000000000/
88,UNITEDHEALTHCARE DES:HCCLAIMPMT ID:060646554                
88,INDN:YALE NEW HAVEN HEALTH   CO ID:1411289245 CCD           
88,PMT INFO:TRN*1*1TZ75720889*1411289245*000087726-
16,165,563344,Z,87013533270,000000000000/
88,UnitedHealthcare DES:HCCLAIMPMT ID:060646554                
88,INDN:YALE NEW HAVEN HEALTH   CO ID:1111187726 CCD           
88,PMT INFO:TRN*1*C6773746*1411289245*000087726-
16,165,411047,Z,86013902831,000000000000/
88,NGS  INC.        DES:HCCLAIMPMT ID:1649260845               
88,INDN:BRIDGEPORT HOSPITAL     CO ID:A351840597 CCD           
88,PMT INFO:TRN*1*812317005*1351840597~
16,165,400577,Z,87021406762,000000000000/
88,ZP  STIRLINGB111 DES:HCCLAIMPMT ID:060646554                
88,INDN:Bridgeport Hospital     CO ID:6452579291 CCD           
88,PMT INFO:TRN*1*469253326*1060892635-
16,165,397857,Z,88001940960,000000000000/
88,BANK OF AMERICA  DES:DEPOSIT    ID:192708190014503          
88,INDN:BH CAFE FRESH INSPIRAT  CO ID:941687665B CCD
16,165,340742,Z,87013527443,000000000000/
88,AARP Supplementa DES:HCCLAIMPMT ID:060646554                
88,INDN:YALE NEW HAVEN HEALTH   CO ID:1362739571 CCD           
88,PMT INFO:TRN*1*91045231756*1362739571*000036273-
16,165,329964,Z,87003153112,000000000000/
88,ANTHEM BLUE CT5C DES:HCCLAIMPMT ID:3236825043               
88,INDN:BRIDGEPORT HOSPITAL     CO ID:3061475928 CCD           
88,PMT INFO:TRN*1*3236825043*1061475928-
16,165,322236,Z,86007021534,000000000000/
88,AETNA AS01       DES:HCCLAIMPMT ID:1891376810               
88,INDN:Bridgeport Hospital     CO ID:3066033492 CCD           
88,PMT INFO:TRN*1*882408301005147*1066033492-
16,165,310668,Z,88007048455,000000000000/
88,ECHO-EMBLEMHEALT DES:HCCLAIMPMT ID:060646554                
88,INDN:BRIDGEPORT HOSPITAL     CO ID:2326137891 CCD           
88,PMT INFO:TRN*1*1130738880*1341858379-
16,165,288289,Z,87013527461,000000000000/
88,AARP Supplementa DES:HCCLAIMPMT ID:060646554                
88,INDN:YALE NEW HAVEN HEALTH   CO ID:1362739571 CCD           
88,PMT INFO:TRN*1*91045251329*1362739571*000036273-
16,165,262621,Z,87003153351,000000000000/
88,ANTHEM BLUE CT5F DES:HCCLAIMPMT ID:3236825039               
88,INDN:BRIDGEPORT HOSPITAL     CO ID:2061475928 CCD           
88,PMT INFO:TRN*1*3236825039*1061475928-
16,165,257681,Z,87013532902,000000000000/
88,UNITEDHEALTHCARE DES:HCCLAIMPMT ID:060646554                
88,INDN:YALE NEW HAVEN HEALTH   CO ID:1411289245 CCD           
88,PMT INFO:TRN*1*1TZ75787687*1411289245*000087726-
16,165,251567,Z,87013527459,000000000000/
88,AARP Supplementa DES:HCCLAIMPMT ID:060646554                
88,INDN:YALE NEW HAVEN HEALTH   CO ID:1362739571 CCD           
88,PMT INFO:TRN*1*91045232038*1362739571*000036273-
16,165,243875,Z,86021987718,000000000000/
88,OXFORD HEALTH IN DES:HCCLAIMPMT ID:060646554                
88,INDN:YALE NEW HAVEN HEALTH   CO ID:2222797560 CCD           
88,PMT INFO:TRN*1*26606701*1061118515*000006111-
16,165,223319,Z,87021406757,000000000000/
88,ZP  Gilsbar036   DES:HCCLAIMPMT ID:060646554                
88,INDN:Bridgeport Hospital     CO ID:6452579291 CCD           
88,PMT INFO:TRN*1*469295122*1720519951-
16,165,219595,Z,87012518303,000000000000/
88,WPS-TMEP CONTRAC DES:HCCLAIMPMT ID:2503516962               
88,INDN:BRIDGEPORT HOSPITAL     CO ID:9387331000 CCD           
88,PMT INFO:TRN*1*2503516962*1391268299*WPSTDEFIC-
16,165,213770,Z,88007048453,000000000000/
88,ECHO-EMBLEMHEALT DES:HCCLAIMPMT ID:060646554                
88,INDN:BRIDGEPORT HOSPITAL     CO ID:2326137891 CCD           
88,PMT INFO:TRN*1*1130738877*1341858379-
16,165,200000,Z,87013527139,000000000000/
88,UnitedHealthcare DES:HCCLAIMPMT ID:060646554                
88,INDN:YALE NEW HAVEN HEALTH   CO ID:1111411289 CCD           
88,PMT INFO:TRN*1*26623674*4112892425*000087726-
16,165,200000,Z,87013532642,000000000000/
88,UNITEDHEALTHCARE DES:HCCLAIMPMT ID:060646554                
88,INDN:YALE NEW HAVEN HEALTH   CO ID:1411289245 CCD           
88,PMT INFO:TRN*1*1TZ75695323*1411289245*000087726-
16,165,200000,Z,87013532944,000000000000/
88,UNITEDHEALTHCARE DES:HCCLAIMPMT ID:060646554                
88,INDN:YALE NEW HAVEN HEALTH   CO ID:1411289245 CCD           
88,PMT INFO:TRN*1*1TZ75661291*1411289245*000087726-
16,165,179217,Z,87013525602,000000000000/
88,Oxford Health Pl DES:HCCLAIMPMT ID:060646554                
88,INDN:YALE NEW HAVEN HEALTH   CO ID:1152244375 CCD           
88,PMT INFO:TRN*1*26597406*1522443751*000006111-
16,165,175000,Z,87003153349,000000000000/
88,ANTHEM BLUE CT5F DES:HCCLAIMPMT ID:3236825037               
88,INDN:BRIDGEPORT HOSPITAL     CO ID:2061475928 CCD           
88,PMT INFO:TRN*1*3236825037*1061475928-
16,165,164426,Z,87013532684,000000000000/
88,UNITEDHEALTHCARE DES:HCCLAIMPMT ID:060646554                
88,INDN:YALE NEW HAVEN HEALTH   CO ID:1411289245 CCD           
88,PMT INFO:TRN*1*1TZ75725688*1411289245*000087726-
16,165,162500,Z,87013526300,000000000000/
88,UNITED BEHAVIORA DES:HCCLAIMPMT ID:060646554                
88,INDN:YALE NEW HAVEN HEALTH   CO ID:1805600008 CCD           
88,PMT INFO:TRN*1*C5618123*1411289245*000087726-
16,165,160589,Z,87013532798,000000000000/
88,UNITEDHEALTHCARE DES:HCCLAIMPMT ID:060646554                
88,INDN:YALE NEW HAVEN HEALTH   CO ID:1411289245 CCD           
88,PMT INFO:TRN*1*1TZ75687699*1411289245*000087726-
16,165,157500,Z,87013532682,000000000000/
88,UNITEDHEALTHCARE DES:HCCLAIMPMT ID:060646554                
88,INDN:YALE NEW HAVEN HEALTH   CO ID:1411289245 CCD           
88,PMT INFO:TRN*1*1TZ75669078*1411289245*000087726-
16,165,155100,Z,87013532736,000000000000/
88,UNITEDHEALTHCARE DES:HCCLAIMPMT ID:060646554                
88,INDN:YALE NEW HAVEN HEALTH   CO ID:1411289245 CCD           
88,PMT INFO:TRN*1*1TZ75660077*1411289245*000087726-
16,165,151912,Z,87013532588,000000000000/
88,UNITEDHEALTHCARE DES:HCCLAIMPMT ID:060646554                
88,INDN:YALE NEW HAVEN HEALTH   CO ID:1411289245 CCD           
88,PMT INFO:TRN*1*1TZ75787684*1411289245*000087726-
16,165,143540,Z,87003153110,000000000000/
88,ANTHEM BLUE CT5C DES:HCCLAIMPMT ID:3236825046               
88,INDN:BRIDGEPORT HOSPITAL     CO ID:3061475928 CCD           
88,PMT INFO:TRN*1*3236825046*1061475928-
16,165,143522,Z,87013526278,000000000000/
88,UNITED BEHAVIORA DES:HCCLAIMPMT ID:060646554                
88,INDN:YALE NEW HAVEN HEALTH   CO ID:1805600008 CCD           
88,PMT INFO:TRN*1*C5618480*1411289245*000087726-
16,165,140563,Z,87013533470,000000000000/
88,UnitedHealthcare DES:HCCLAIMPMT ID:060646554                
88,INDN:YALE NEW HAVEN HEALTH   CO ID:1111187726 CCD           
88,PMT INFO:TRN*1*C6772687*1411289245*000087726-
16,165,133424,Z,88001940961,000000000000/
88,BANK OF AMERICA  DES:DEPOSIT    ID:192708190014504          
88,INDN:BH CAFE JAZZMANS        CO ID:941687665B CCD
16,165,131751,Z,86013902829,000000000000/
88,NGS  INC.        DES:HCCLAIMPMT ID:1891376810               
88,INDN:BRIDGEPORT HOSPITAL     CO ID:A351840597 CCD           
88,PMT INFO:TRN*1*812317004*1351840597~
16,165,115585,Z,87013533040,000000000000/
88,UNITEDHEALTHCARE DES:HCCLAIMPMT ID:060646554                
88,INDN:YALE NEW HAVEN HEALTH   CO ID:1411289245 CCD           
88,PMT INFO:TRN*1*1TZ75715929*1411289245*000087726-
16,165,114583,Z,88001968257,000000000000/
88,BANK OF AMERICA  DES:DEPOSIT    ID:737180006881             
88,INDN:BH CAFETERIA PANDINIS   CO ID:941687665B CCD
16,165,112000,Z,87012562129,000000000000/
88,NYS DOH          DES:HCCLAIMPMT ID:03001163                 
88,INDN:BRIDGEPORT HOSPITAL     CO ID:1141797357 CCD           
88,PMT INFO:TRN*1*021300073915767*1141797357~
16,165,104851,Z,86007037194,000000000000/
88,AETNA AS01       DES:HCCLAIMPMT ID:1649260845               
88,INDN:Bridgeport Hospital     CO ID:3066033492 CCD           
88,PMT INFO:TRN*1*882408301012083*1066033492-
16,165,93162,Z,87021406760,000000000000/
88,ZP  STIRLINGB111 DES:HCCLAIMPMT ID:060646554                
88,INDN:Bridgeport Hospital     CO ID:6452579291 CCD           
88,PMT INFO:TRN*1*469253239*1060892635-
16,165,88015,Z,87013525590,000000000000/
88,Oxford Health Pl DES:HCCLAIMPMT ID:060646554                
88,INDN:YALE NEW HAVEN HEALTH   CO ID:1152244375 CCD           
88,PMT INFO:TRN*1*26597407*1522443751*000006111-
16,165,80328,Z,87013533126,000000000000/
88,UnitedHealthcare DES:HCCLAIMPMT ID:060646554                
88,INDN:YALE NEW HAVEN HEALTH   CO ID:1111187726 CCD           
88,PMT INFO:TRN*1*C2938130*1411289245*000087726-
16,165,74019,Z,87013532560,000000000000/
88,UNITEDHEALTHCARE DES:HCCLAIMPMT ID:060646554                
88,INDN:YALE NEW HAVEN HEALTH   CO ID:1411289245 CCD           
88,PMT INFO:TRN*1*1TZ75677653*1411289245*000087726-
16,165,72944,Z,87013525963,000000000000/
88,UMR              DES:HCCLAIMPMT ID:060646554                
88,INDN:YALE NEW HAVEN HEALTH   CO ID:1999999100 CCD           
88,PMT INFO:TRN*1*CG76520093078484080831743*13919952           
88,76*0000UMR01-
16,165,70789,Z,87013532634,000000000000/
88,UNITEDHEALTHCARE DES:HCCLAIMPMT ID:060646554                
88,INDN:YALE NEW HAVEN HEALTH   CO ID:1411289245 CCD           
88,PMT INFO:TRN*1*1TZ75695159*1411289245*000087726-
16,165,69377,Z,87013525443,000000000000/
88,UnitedHealthcare DES:HCCLAIMPMT ID:060646554                
88,INDN:YALE NEW HAVEN HEALTH   CO ID:1780000000 CCD           
88,PMT INFO:TRN*1*UH48700001048076308938*1391995276*           
88,0000UMR01-
16,165,68048,Z,87003153347,000000000000/
88,ANTHEM BLUE CT5F DES:HCCLAIMPMT ID:3236825038               
88,INDN:BRIDGEPORT HOSPITAL     CO ID:2061475928 CCD           
88,PMT INFO:TRN*1*3236825038*1061475928-
16,165,67879,Z,87003152343,000000000000/
88,HUMANA GOVT BUSI DES:HCCLAIMPMT ID:4001507971               
88,INDN:BRIDGEPORT HOSPITAL     CO ID:1611241225 CCD           
88,PMT INFO:TRN*1*4001507971*1611241225*WPSEAST  -
16,165,66791,Z,87013532496,000000000000/
88,UNITEDHEALTHCARE DES:HCCLAIMPMT ID:060646554                
88,INDN:YALE NEW HAVEN HEALTH   CO ID:1411289245 CCD           
88,PMT INFO:TRN*1*1TZ75787695*1411289245*000087726-
16,165,64750,Z,87013533004,000000000000/
88,UNITEDHEALTHCARE DES:HCCLAIMPMT ID:060646554                
88,INDN:YALE NEW HAVEN HEALTH   CO ID:1411289245 CCD           
88,PMT INFO:TRN*1*1TZ75680110*1411289245*000087726-
16,165,63381,Z,87003153108,000000000000/
88,ANTHEM BLUE CT5C DES:HCCLAIMPMT ID:3236825049               
88,INDN:BRIDGEPORT HOSPITAL     CO ID:3061475928 CCD           
88,PMT INFO:TRN*1*3236825049*1061475928-
16,165,57321,Z,88007203495,000000000000/
88,HRTLAND PMT SYS  DES:TXNS/FEES  ID:650000012040674          
88,INDN:BRIDGEPORT HOSPITAL AU  CO ID:WFBEHPS001 CCD
16,165,56541,Z,87013525935,000000000000/
88,UMR              DES:HCCLAIMPMT ID:060646554                
88,INDN:YALE NEW HAVEN HEALTH   CO ID:1999999100 CCD           
88,PMT INFO:TRN*1*CF94920092898724080813767*13919952           
88,76*0000UMR01-
16,165,51969,Z,88001972683,000000000000/
88,BANK OF AMERICA  DES:DEPOSIT    ID:737280947885             
88,INDN:BH CAFETERIA MILFORD    CO ID:941687665B CCD
16,165,49631,Z,88001941155,000000000000/
88,BANK OF AMERICA  DES:DEPOSIT    ID:345804896883             
88,INDN:BRIDGEPORT PARK AVE CA  CO ID:941687665B CCD
16,165,47181,Z,87013532856,000000000000/
88,UNITEDHEALTHCARE DES:HCCLAIMPMT ID:060646554                
88,INDN:YALE NEW HAVEN HEALTH   CO ID:1411289245 CCD           
88,PMT INFO:TRN*1*1TZ75719532*1411289245*000087726-
16,165,46900,Z,87013532950,000000000000/
88,UNITEDHEALTHCARE DES:HCCLAIMPMT ID:060646554                
88,INDN:YALE NEW HAVEN HEALTH   CO ID:1411289245 CCD           
88,PMT INFO:TRN*1*1TZ75679403*1411289245*000087726-
16,165,45554,Z,87021406791,000000000000/
88,ZP  WELLCAREH401 DES:HCCLAIMPMT ID:060646554                
88,INDN:Bridgeport Hospital     CO ID:7306458084 CCD           
88,PMT INFO:TRN*1*470194407*1470937650-
16,165,45400,Z,87013532660,000000000000/
88,UNITEDHEALTHCARE DES:HCCLAIMPMT ID:060646554                
88,INDN:YALE NEW HAVEN HEALTH   CO ID:1411289245 CCD           
88,PMT INFO:TRN*1*1TZ75697209*1411289245*000087726-
16,165,43694,Z,87003151992,000000000000/
88,HUMANA GOVT BUSI DES:HCCLAIMPMT ID:2232506880               
88,INDN:BRIDGEPORT HOSPITAL     CO ID:2610647538 CCD           
88,PMT INFO:TRN*1*2232506880*1611241225*WPSEAST  -
16,165,40400,Z,87013525223,000000000000/
88,UMR USNAS        DES:HCCLAIMPMT ID:060646554                
88,INDN:YALE NEW HAVEN HEALTH   CO ID:1765799999 CCD           
88,PMT INFO:TRN*1*CX03215092558024075433817*13627395           
88,71*0000UMR01-
16,165,40320,Z,87013532676,000000000000/
88,UNITEDHEALTHCARE DES:HCCLAIMPMT ID:060646554                
88,INDN:YALE NEW HAVEN HEALTH   CO ID:1411289245 CCD           
88,PMT INFO:TRN*1*1TZ75668393*1411289245*000087726-
16,165,38992,Z,87013532874,000000000000/
88,UNITEDHEALTHCARE DES:HCCLAIMPMT ID:060646554                
88,INDN:YALE NEW HAVEN HEALTH   CO ID:1411289245 CCD           
88,PMT INFO:TRN*1*1TZ75687691*1411289245*000087726-
16,165,38000,Z,87008002542,000000000000/
88,BANK OF AMERICA  DES:DEPOSIT    ID:451190170998             
88,INDN:BRIDGEPORT HOSPITAL     CO ID:1113356099 CCD
16,165,35280,Z,87013532822,000000000000/
88,UNITEDHEALTHCARE DES:HCCLAIMPMT ID:060646554                
88,INDN:YALE NEW HAVEN HEALTH   CO ID:1411289245 CCD           
88,PMT INFO:TRN*1*1TZ75723468*1411289245*000087726-
16,165,34110,Z,87003153106,000000000000/
88,ANTHEM BLUE CT5C DES:HCCLAIMPMT ID:3236825045               
88,INDN:BRIDGEPORT HOSPITAL     CO ID:3061475928 CCD           
88,PMT INFO:TRN*1*3236825045*1061475928-
16,165,33442,Z,87013533634,000000000000/
88,UnitedHealthcare DES:HCCLAIMPMT ID:060646554                
88,INDN:YALE NEW HAVEN HEALTH   CO ID:1111187726 CCD           
88,PMT INFO:TRN*1*C6773440*1411289245*000087726-
16,165,32934,Z,87021406800,000000000000/
88,ZP  SANDSH115    DES:HCCLAIMPMT ID:060646554                
88,INDN:Bridgeport Hospital     CO ID:7306458084 CCD           
88,PMT INFO:TRN*1*470284431*1311418743-
16,165,32895,Z,87003153104,000000000000/
88,ANTHEM BLUE CT5C DES:HCCLAIMPMT ID:3236825047               
88,INDN:BRIDGEPORT HOSPITAL     CO ID:3061475928 CCD           
88,PMT INFO:TRN*1*3236825047*1061475928-
16,165,30243,Z,87021406795,000000000000/
88,ZP  WELLCAREH401 DES:HCCLAIMPMT ID:060646554                
88,INDN:Bridgeport Hospital     CO ID:7306458084 CCD           
88,PMT INFO:TRN*1*470193081*1470937650-
16,165,28211,Z,87013532766,000000000000/
88,UNITEDHEALTHCARE DES:HCCLAIMPMT ID:060646554                
88,INDN:YALE NEW HAVEN HEALTH   CO ID:1411289245 CCD           
88,PMT INFO:TRN*1*1TZ75679319*1411289245*000087726-
16,165,27735,Z,87003153102,000000000000/
88,ANTHEM BLUE CT5C DES:HCCLAIMPMT ID:3236825051               
88,INDN:BRIDGEPORT HOSPITAL     CO ID:3061475928 CCD           
88,PMT INFO:TRN*1*3236825051*1061475928-
16,165,26074,Z,88006812914,000000000000/
88,ECHO-Meritain He DES:HCCLAIMPMT ID:060646554                
88,INDN:BRIDGEPORT HOSPITAL     CO ID:1341858386 CCD           
88,PMT INFO:TRN*1*1130354336*1341858379-
16,165,25020,Z,87013532768,000000000000/
88,UNITEDHEALTHCARE DES:HCCLAIMPMT ID:060646554                
88,INDN:YALE NEW HAVEN HEALTH   CO ID:1411289245 CCD           
88,PMT INFO:TRN*1*1TZ75678769*1411289245*000087726-
16,165,24265,Z,87003153100,000000000000/
88,ANTHEM BLUE CT5C DES:HCCLAIMPMT ID:3236825048               
88,INDN:BRIDGEPORT HOSPITAL     CO ID:3061475928 CCD           
88,PMT INFO:TRN*1*3236825048*1061475928-
16,165,23600,Z,87013532644,000000000000/
88,UNITEDHEALTHCARE DES:HCCLAIMPMT ID:060646554                
88,INDN:YALE NEW HAVEN HEALTH   CO ID:1411289245 CCD           
88,PMT INFO:TRN*1*1TZ75787691*1411289245*000087726-
16,165,22138,Z,88001968467,000000000000/
88,BANK OF AMERICA  DES:DEPOSIT    ID:737186886880             
88,INDN:BH MILFORD GIFT         CO ID:941687665B CCD
16,165,21297,Z,87013525232,000000000000/
88,UHC GOVERNMENT E DES:HCCLAIMPMT ID:060646554                
88,INDN:YALE NEW HAVEN HEALTH   CO ID:1783600010 CCD           
88,PMT INFO:TRN*1*UH0732408108279107591462*139199527           
88,6*0000UMR01-
16,165,20783,Z,87013532788,000000000000/
88,UNITEDHEALTHCARE DES:HCCLAIMPMT ID:060646554                
88,INDN:YALE NEW HAVEN HEALTH   CO ID:1411289245 CCD           
88,PMT INFO:TRN*1*1TZ75787692*1411289245*000087726-
16,165,20637,Z,87013532570,000000000000/
88,UNITEDHEALTHCARE DES:HCCLAIMPMT ID:060646554                
88,INDN:YALE NEW HAVEN HEALTH   CO ID:1411289245 CCD           
88,PMT INFO:TRN*1*1TZ75683148*1411289245*000087726-
16,165,20367,Z,87013532996,000000000000/
88,UNITEDHEALTHCARE DES:HCCLAIMPMT ID:060646554                
88,INDN:YALE NEW HAVEN HEALTH   CO ID:1411289245 CCD           
88,PMT INFO:TRN*1*1TZ75683149*1411289245*000087726-
16,165,19811,Z,88007048457,000000000000/
88,ECHO-EMBLEMHEALT DES:HCCLAIMPMT ID:060646554                
88,INDN:BRIDGEPORT HOSPITAL     CO ID:2326137891 CCD           
88,PMT INFO:TRN*1*1130738883*1341858379-
16,165,18000,Z,88001968255,000000000000/
88,BANK OF AMERICA  DES:DEPOSIT    ID:737180002880             
88,INDN:BH INTEGRATE MED PARK   CO ID:941687665B CCD
16,165,17978,Z,87013532892,000000000000/
88,UNITEDHEALTHCARE DES:HCCLAIMPMT ID:060646554                
88,INDN:YALE NEW HAVEN HEALTH   CO ID:1411289245 CCD           
88,PMT INFO:TRN*1*1TZ75668390*1411289245*000087726-
16,165,17666,Z,87021691681,000000000000/
88,NALC HOSPITAL    DES:HCCLAIMPMT ID:321818480001600          
88,INDN:BRIDGEPORT HOSPITAL     CO ID:6541875242 CCD           
88,PMT INFO:TRN*1*321818480001600*1530114650~
16,165,15906,Z,88007048439,000000000000/
88,ECHO-EMBLEMHEALT DES:HCCLAIMPMT ID:060646554                
88,INDN:BRIDGEPORT HOSPITAL     CO ID:2326137891 CCD           
88,PMT INFO:TRN*1*1130738885*1341858379-
16,165,15456,Z,88006812917,000000000000/
88,ECHO-Molina      DES:HCCLAIMPMT ID:060646554                
88,INDN:BRIDGEPORT HOSPITAL     CO ID:1341858386 CCD           
88,PMT INFO:TRN*1*1130335936*1341858379-
16,165,14273,Z,88007049072,000000000000/
88,ECHO-AMERIHEALTH DES:HCCLAIMPMT ID:060646554                
88,INDN:BRIDGEPORT HOSPITAL     CO ID:2326137891 CCD           
88,PMT INFO:TRN*1*1130640632*1341858379-
16,165,12988,Z,87013532526,000000000000/
88,UNITEDHEALTHCARE DES:HCCLAIMPMT ID:060646554                
88,INDN:YALE NEW HAVEN HEALTH   CO ID:1411289245 CCD           
88,PMT INFO:TRN*1*1TZ75700205*1411289245*000087726-
16,165,12370,Z,87013532592,000000000000/
88,UNITEDHEALTHCARE DES:HCCLAIMPMT ID:060646554                
88,INDN:YALE NEW HAVEN HEALTH   CO ID:1411289245 CCD           
88,PMT INFO:TRN*1*1TZ75654223*1411289245*000087726-
16,165,12295,Z,88007048435,000000000000/
88,ECHO-EMBLEMHEALT DES:HCCLAIMPMT ID:060646554                
88,INDN:BRIDGEPORT HOSPITAL     CO ID:2326137891 CCD           
88,PMT INFO:TRN*1*1130738875*1341858379-
16,165,11889,Z,87013527489,000000000000/
88,AARP Supplementa DES:HCCLAIMPMT ID:060646554                
88,INDN:YALE NEW HAVEN HEALTH   CO ID:1362739571 CCD           
88,PMT INFO:TRN*1*91045253301*1362739571*000036273-
16,165,11502,Z,87013532640,000000000000/
88,UNITEDHEALTHCARE DES:HCCLAIMPMT ID:060646554                
88,INDN:YALE NEW HAVEN HEALTH   CO ID:1411289245 CCD           
88,PMT INFO:TRN*1*1TZ75700329*1411289245*000087726-
16,165,10260,Z,88007048477,000000000000/
88,ECHO-EMBLEMHEALT DES:HCCLAIMPMT ID:060646554                
88,INDN:BRIDGEPORT HOSPITAL     CO ID:2326137891 CCD           
88,PMT INFO:TRN*1*1130738884*1341858379-
16,165,9820,Z,87003153345,000000000000/
88,ANTHEM BLUE CT5F DES:HCCLAIMPMT ID:3236825040               
88,INDN:BRIDGEPORT HOSPITAL     CO ID:2061475928 CCD           
88,PMT INFO:TRN*1*3236825040*1061475928-
16,165,8575,Z,88007048425,000000000000/
88,ECHO-EMBLEMHEALT DES:HCCLAIMPMT ID:060646554                
88,INDN:BRIDGEPORT HOSPITAL     CO ID:2326137891 CCD           
88,PMT INFO:TRN*1*1130738876*1341858379-
16,165,7831,Z,87013532774,000000000000/
88,UNITEDHEALTHCARE DES:HCCLAIMPMT ID:060646554                
88,INDN:YALE NEW HAVEN HEALTH   CO ID:1411289245 CCD           
88,PMT INFO:TRN*1*1TZ75671970*1411289245*000087726-
16,165,7748,Z,86006841536,000000000000/
88,AETNA AS01       DES:HCCLAIMPMT ID:1992910152               
88,INDN:BRIDGEPORT HOSPITAL     CO ID:1066033492 CCD           
88,PMT INFO:TRN*1*824085000268188*1066033492-
16,165,7223,Z,87012539908,000000000000/
88,WELLCARE HEALTH  DES:HCCLAIMPMT ID:100023936853000          
88,INDN:BRIDGEPORT HOSPITAL     CO ID:9023564003 CCD           
88,PMT INFO:TRN*1*1000239368*1832126269-
16,165,7096,Z,87003153098,000000000000/
88,ANTHEM BLUE CT5C DES:HCCLAIMPMT ID:3236825050               
88,INDN:BRIDGEPORT HOSPITAL     CO ID:3061475928 CCD           
88,PMT INFO:TRN*1*3236825050*1061475928-
16,165,7080,Z,87012539933,000000000000/
88,WELLCARECTCARE   DES:HCCLAIMPMT ID:100121225953000          
88,INDN:BRIDGEPORT HOSPITAL     CO ID:9038135150 CCD           
88,PMT INFO:TRN*1*1001212259*1061405640-
16,165,6719,Z,88007048451,000000000000/
88,ECHO-EMBLEMHEALT DES:HCCLAIMPMT ID:060646554                
88,INDN:BRIDGEPORT HOSPITAL     CO ID:2326137891 CCD           
88,PMT INFO:TRN*1*1130738874*1341858379-
16,165,6150,Z,88007048463,000000000000/
88,ECHO-EMBLEMHEALT DES:HCCLAIMPMT ID:060646554                
88,INDN:BRIDGEPORT HOSPITAL     CO ID:2326137891 CCD           
88,PMT INFO:TRN*1*1130738886*1341858379-
16,165,5000,Z,87003559545,000000000000/
88,InstaMed         DES:BRIDGEPORT ID:021000023639416          
88,INDN:0269000000175147        CO ID:9221883201 CCD
16,165,4920,Z,87013533086,000000000000/
88,UnitedHealthcare DES:HCCLAIMPMT ID:060646554                
88,INDN:YALE NEW HAVEN HEALTH   CO ID:1111187726 CCD           
88,PMT INFO:TRN*1*C2938053*1411289245*000087726-
16,165,4337,Z,87013532756,000000000000/
88,UNITEDHEALTHCARE DES:HCCLAIMPMT ID:060646554                
88,INDN:YALE NEW HAVEN HEALTH   CO ID:1411289245 CCD           
88,PMT INFO:TRN*1*1TZ75737808*1411289245*000087726-
16,165,4154,Z,87013532904,000000000000/
88,UNITEDHEALTHCARE DES:HCCLAIMPMT ID:060646554                
88,INDN:YALE NEW HAVEN HEALTH   CO ID:1411289245 CCD           
88,PMT INFO:TRN*1*1TZ75683147*1411289245*000087726-
16,165,3659,Z,87003152341,000000000000/
88,HUMANA GOVT BUSI DES:HCCLAIMPMT ID:4001507970               
88,INDN:BRIDGEPORT HOSPITAL     CO ID:1611241225 CCD           
88,PMT INFO:TRN*1*4001507970*1611241225*WPSEAST  -
16,165,2463,Z,87013532662,000000000000/
88,UNITEDHEALTHCARE DES:HCCLAIMPMT ID:060646554                
88,INDN:YALE NEW HAVEN HEALTH   CO ID:1411289245 CCD           
88,PMT INFO:TRN*1*1TZ75737793*1411289245*000087726-
16,165,1833,Z,88007048459,000000000000/
88,ECHO-EMBLEMHEALT DES:HCCLAIMPMT ID:060646554                
88,INDN:BRIDGEPORT HOSPITAL     CO ID:2326137891 CCD           
88,PMT INFO:TRN*1*1130738887*1341858379-
16,165,1452,Z,87021406793,000000000000/
88,ZP  WELLCAREH401 DES:HCCLAIMPMT ID:060646554                
88,INDN:Bridgeport Hospital     CO ID:7306458084 CCD           
88,PMT INFO:TRN*1*470194020*1470937650-
16,165,1429,Z,87012518301,000000000000/
88,WPS-TMEP CONTRAC DES:HCCLAIMPMT ID:2503516961               
88,INDN:BRIDGEPORT HOSPITAL     CO ID:9387331000 CCD           
88,PMT INFO:TRN*1*2503516961*1391268299*WPSTDEFIC-
16,165,1252,Z,87021406798,000000000000/
88,ZP  SANDSH115    DES:HCCLAIMPMT ID:060646554                
88,INDN:Bridgeport Hospital     CO ID:7306458084 CCD           
88,PMT INFO:TRN*1*470284301*1311418743-
16,165,860,Z,88007048465,000000000000/
88,ECHO-EMBLEMHEALT DES:HCCLAIMPMT ID:060646554                
88,INDN:BRIDGEPORT HOSPITAL     CO ID:2326137891 CCD           
88,PMT INFO:TRN*1*1130738889*1341858379-
16,165,836,Z,87003151990,000000000000/
88,HUMANA GOVT BUSI DES:HCCLAIMPMT ID:2232506879               
88,INDN:BRIDGEPORT HOSPITAL     CO ID:2610647538 CCD           
88,PMT INFO:TRN*1*2232506879*1611241225*WPSEAST  -
16,455,4110,Z,87021406836,000000000000/
88,PAY PLUS         DES:ACHTrans   ID:000000018408535          
88,INDN:Default debit account   CO ID:5452579291 CCD           
88,PMT INFO:FeeTransfer REF#18408535
16,455,250,Z,87018265757,000000000000/
88,NPDB QUERY       DES:FEE        ID:0000                     
88,INDN:BRIDGEPORT HOSPITAL     CO ID:7503003001 CCD           
88,PMT INFO:N106792863
16,455,250,Z,87018265759,000000000000/
88,NPDB QUERY       DES:FEE        ID:0000                     
88,INDN:BRIDGEPORT HOSPITAL     CO ID:7503003001 CCD           
88,PMT INFO:N106807272
16,455,250,Z,87018265761,000000000000/
88,NPDB QUERY       DES:FEE        ID:0000                     
88,INDN:BRIDGEPORT HOSPITAL     CO ID:7503003001 CCD           
88,PMT INFO:N106806509
16,455,250,Z,87018265763,000000000000/
88,NPDB QUERY       DES:FEE        ID:0000                     
88,INDN:BRIDGEPORT HOSPITAL     CO ID:7503003001 CCD           
88,PMT INFO:N106797936
16,455,250,Z,87018265765,000000000000/
88,NPDB QUERY       DES:FEE        ID:0000                     
88,INDN:BRIDGEPORT HOSPITAL     CO ID:7503003001 CCD           
88,PMT INFO:N106804424
49,373656843,649/
03,000002109018,USD/
16,165,317613,Z,88001941691,000000000000/
88,BANK OF AMERICA  DES:DEPOSIT    ID:345844954882             
88,INDN:GH NUTMEG GRILL         CO ID:941687665B CCD
16,165,14000,Z,88001941690,000000000000/
88,BANK OF AMERICA  DES:DEPOSIT    ID:345844951888             
88,INDN:GH CALL CENTER          CO ID:941687665B CCD
49,331613,8/
03,000002642336,USD/
16,165,45479524,Z,86013903814,000000000000/
88,NATIONAL GOVERNM DES:HCCLAIMPMT ID:070018                   
88,INDN:GREENWICH HOSPITAL      CO ID:8351840597 CCD           
88,PMT INFO:TRN*1*EFT4015026*1351840597*000013001~
16,165,15832268,Z,87012561999,000000000000/
88,NYS DOH          DES:HCCLAIMPMT ID:00347604                 
88,INDN:GREENWICH HOSPITAL      CO ID:1141797357 CCD           
88,PMT INFO:TRN*1*021300073906643*1141797357~
16,165,9304732,Z,88007048433,000000000000/
88,ECHO-EMBLEMHEALT DES:HCCLAIMPMT ID:060646659                
88,INDN:GREENWICH HOSPITAL      CO ID:2326137891 CCD           
88,PMT INFO:TRN*1*1130738925*1341858379-
16,165,9060206,Z,87013534971,000000000000/
88,UnitedHealthcare DES:HCCLAIMPMT ID:060646659                
88,INDN:GREENWICH HOSPITAL      CO ID:1111187726 CCD           
88,PMT INFO:TRN*1*Q6096693*1411289245*000087726-
16,165,8775258,Z,86021987514,000000000000/
88,OXFORD HEALTH IN DES:HCCLAIMPMT ID:060646659                
88,INDN:GREENWICH HOSPITAL      CO ID:2222797560 CCD           
88,PMT INFO:TRN*1*26598372*1061118515*000006111-
16,165,5118408,Z,86007009420,000000000000/
88,AETNA AS01       DES:HCCLAIMPMT ID:1609846088               
88,INDN:Greenwich Hospital      CO ID:3066033492 CCD           
88,PMT INFO:TRN*1*882408301001327*1066033492-
16,165,3132328,Z,86012441559,000000000000/
88,AETNA A04        DES:HCCLAIMPMT ID:1609846088               
88,INDN:GREENWICH HOSPITAL      CO ID:1066033492 CCD           
88,PMT INFO:TRN*1*824085000268236*1066033492-
16,165,2765984,Z,87013535313,000000000000/
88,UnitedHealthcare DES:HCCLAIMPMT ID:060646659                
88,INDN:GREENWICH HOSPITAL      CO ID:1111187726 CCD           
88,PMT INFO:TRN*1*C2935076*1411289245*000087726-
16,165,2617361,Z,88007048431,000000000000/
88,ECHO-EMBLEMHEALT DES:HCCLAIMPMT ID:060646659                
88,INDN:GREENWICH HOSPITAL      CO ID:2326137891 CCD           
88,PMT INFO:TRN*1*1130738922*1341858379-
16,165,2585955,Z,87013525644,000000000000/
88,Oxford Health Pl DES:HCCLAIMPMT ID:060646659                
88,INDN:GREENWICH HOSPITAL      CO ID:1152244375 CCD           
88,PMT INFO:TRN*1*26596388*1522443751*000006111-
16,165,2135172,Z,87021406748,000000000000/
88,ZP  LHS249       DES:HCCLAIMPMT ID:060646659                
88,INDN:Greenwich Hospital      CO ID:6452579291 CCD           
88,PMT INFO:TRN*1*467091802*1471931003-
16,165,2051512,Z,87013530003,000000000000/
88,AARP Supplementa DES:HCCLAIMPMT ID:060646659                
88,INDN:GREENWICH HOSPITAL      CO ID:1362739571 CCD           
88,PMT INFO:TRN*1*91045212918*1362739571*000036273-
16,165,1603018,Z,87015854322,000000000000/
88,MAGNACARE701021  DES:CLAIM PAY  ID:03909881                 
88,INDN:GREENWICH HOSPITAL      CO ID:1113410766 CCD           
88,PMT INFO:TRN*1*71132359*1113410766-
16,165,1375840,Z,88007048445,000000000000/
88,ECHO-EMBLEMHEALT DES:HCCLAIMPMT ID:060646659                
88,INDN:GREENWICH HOSPITAL      CO ID:2326137891 CCD           
88,PMT INFO:TRN*1*1130738918*1341858379-
16,165,1313701,Z,86021987511,000000000000/
88,OXFORD HEA PL LL DES:HCCLAIMPMT ID:060646659                
88,INDN:GREENWICH HOSPITAL      CO ID:2522443751 CCD           
88,PMT INFO:TRN*1*26595799*1061118515*000006111-
16,165,739520,Z,87003153126,000000000000/
88,ANTHEM BLUE CT5C DES:HCCLAIMPMT ID:3236825078               
88,INDN:GREENWICH HOSPITAL ASS  CO ID:3061475928 CCD           
88,PMT INFO:TRN*1*3236825078*1061475928-
16,165,713818,Z,87013526023,000000000000/
88,UMR              DES:HCCLAIMPMT ID:060646659                
88,INDN:GREENWICH HOSPITAL      CO ID:1999999100 CCD           
88,PMT INFO:TRN*1*CI19820093113364080835231*13919952           
88,76*0000UMR01-
16,165,680600,Z,87021691762,000000000000/
88,NALC HOSPITAL    DES:HCCLAIMPMT ID:326316840001741          
88,INDN:GREENWICH HOSPITAL      CO ID:6541875242 CCD           
88,PMT INFO:TRN*1*326316840001741*1530114650~
16,165,407929,Z,88007048441,000000000000/
88,ECHO-EMBLEMHEALT DES:HCCLAIMPMT ID:060646659                
88,INDN:GREENWICH HOSPITAL      CO ID:2326137891 CCD           
88,PMT INFO:TRN*1*1130738917*1341858379-
16,165,379588,Z,86013902861,000000000000/
88,NGS  INC.        DES:HCCLAIMPMT ID:1609846088               
88,INDN:GREENWICH HOSPITAL      CO ID:A351840597 CCD           
88,PMT INFO:TRN*1*812312177*1351840597~
16,165,233374,Z,87015854329,000000000000/
88,MAGNACARE703034  DES:CLAIM PAY  ID:03909881                 
88,INDN:GREENWICH HOSPITAL      CO ID:1113410766 CCD           
88,PMT INFO:TRN*1*70153806*1113410766-
16,165,213800,Z,87021691764,000000000000/
88,NALC HOSPITAL    DES:HCCLAIMPMT ID:325815560005145          
88,INDN:GREENWICH HOSPITAL      CO ID:6541875242 CCD           
88,PMT INFO:TRN*1*325815560005145*1530114650~
16,165,185726,Z,88007048429,000000000000/
88,ECHO-EMBLEMHEALT DES:HCCLAIMPMT ID:060646659                
88,INDN:GREENWICH HOSPITAL      CO ID:2326137891 CCD           
88,PMT INFO:TRN*1*1130738919*1341858379-
16,165,158855,Z,87013535235,000000000000/
88,UnitedHealthcare DES:HCCLAIMPMT ID:060646659                
88,INDN:GREENWICH HOSPITAL      CO ID:1111187726 CCD           
88,PMT INFO:TRN*1*C2938044*1411289245*000087726-
16,165,151658,Z,87021406745,000000000000/
88,ZP  ConnIRMA705  DES:HCCLAIMPMT ID:060646659                
88,INDN:Greenwich Hospital      CO ID:6452579291 CCD           
88,PMT INFO:TRN*1*470140540*1061048749-
16,165,145090,Z,87003152000,000000000000/
88,HUMANA GOVT BUSI DES:HCCLAIMPMT ID:2232506884               
88,INDN:GREENWICH HOSPITAL      CO ID:2610647538 CCD           
88,PMT INFO:TRN*1*2232506884*1611241225*WPSEAST  -
16,165,118870,Z,87012539925,000000000000/
88,WELLCARECTCARE   DES:HCCLAIMPMT ID:100121226753000          
88,INDN:GREENWICH HOSPITAL      CO ID:9038135150 CCD           
88,PMT INFO:TRN*1*1001212267*1061405640-
16,165,115896,Z,87003153124,000000000000/
88,ANTHEM BLUE CT5C DES:HCCLAIMPMT ID:3236825077               
88,INDN:GREENWICH HOSPITAL      CO ID:3061475928 CCD           
88,PMT INFO:TRN*1*3236825077*1061475928-
16,165,97473,Z,87003153817,000000000000/
88,ANTHEM BLUE HP5C DES:HCCLAIMPMT ID:3236825079               
88,INDN:GREENWICH HOSPITAL      CO ID:1133865627 CCD           
88,PMT INFO:TRN*1*3236825079*1133865627-
16,165,96421,Z,88006812910,000000000000/
88,ECHO-Meritain He DES:HCCLAIMPMT ID:060646659                
88,INDN:GREENWICH HOSPITAL      CO ID:1341858386 CCD           
88,PMT INFO:TRN*1*1130354350*1341858379-
16,165,84650,Z,87013526193,000000000000/
88,UNITED BEHAVIORA DES:HCCLAIMPMT ID:060646659                
88,INDN:GREENWICH HOSPITAL      CO ID:1805600008 CCD           
88,PMT INFO:TRN*1*C5618122*1411289245*000087726-
16,165,65980,Z,88007048449,000000000000/
88,ECHO-EMBLEMHEALT DES:HCCLAIMPMT ID:060646659                
88,INDN:GREENWICH HOSPITAL      CO ID:2326137891 CCD           
88,PMT INFO:TRN*1*1130738924*1341858379-
16,165,45231,Z,87021406754,000000000000/
88,ZP  STIRLINGB111 DES:HCCLAIMPMT ID:060646659                
88,INDN:Greenwich Hospital      CO ID:6452579291 CCD           
88,PMT INFO:TRN*1*469253143*1060892635-
16,165,44320,Z,88006812895,000000000000/
88,ECHO-Adva-net    DES:HCCLAIMPMT ID:060646659                
88,INDN:GREENWICH HOSPITAL      CO ID:1341858386 CCD           
88,PMT INFO:TRN*1*1130354349*1341858379-
16,165,43558,Z,87013535311,000000000000/
88,UnitedHealthcare DES:HCCLAIMPMT ID:060646659                
88,INDN:GREENWICH HOSPITAL      CO ID:1111187726 CCD           
88,PMT INFO:TRN*1*C6772600*1411289245*000087726-
16,165,34516,Z,88006812740,000000000000/
88,ECHO-Molina      DES:HCCLAIMPMT ID:060646659                
88,INDN:GREENWICH HOSPITAL      CO ID:1341858386 CCD           
88,PMT INFO:TRN*1*1130335937*1341858379-
16,165,26086,Z,87003152347,000000000000/
88,HUMANA GOVT BUSI DES:HCCLAIMPMT ID:4001507973               
88,INDN:GREENWICH HOSPITAL      CO ID:1611241225 CCD           
88,PMT INFO:TRN*1*4001507973*1611241225*WPSEAST  -
16,165,22319,Z,88007048469,000000000000/
88,ECHO-EMBLEMHEALT DES:HCCLAIMPMT ID:060646659                
88,INDN:GREENWICH HOSPITAL      CO ID:2326137891 CCD           
88,PMT INFO:TRN*1*1130738923*1341858379-
16,165,21378,Z,87010986743,000000000000/
88,BCBS TEXAS       DES:HCCLAIMPMT ID:C24086E49045050          
88,INDN:CP20240326E490450500-1  CO ID:5531495400 CCD           
88,PMT INFO:TRN*1*C24086E49045050*1361236610*CP20240           
88,326E490450500-1609846088-
16,165,19872,Z,87013526029,000000000000/
88,UMR              DES:HCCLAIMPMT ID:060646659                
88,INDN:GREENWICH HOSPITAL      CO ID:1999999100 CCD           
88,PMT INFO:TRN*1*CK43220093365254080860420*13919952           
88,76*0000UMR01-
16,165,18095,Z,88007048447,000000000000/
88,ECHO-EMBLEMHEALT DES:HCCLAIMPMT ID:060646659                
88,INDN:GREENWICH HOSPITAL      CO ID:2326137891 CCD           
88,PMT INFO:TRN*1*1130738921*1341858379-
16,165,15158,Z,87003153373,000000000000/
88,ANTHEM BLUE CT5F DES:HCCLAIMPMT ID:3236825076               
88,INDN:GREENWHICH HOSPITAL     CO ID:2061475928 CCD           
88,PMT INFO:TRN*1*3236825076*1061475928-
16,165,14165,Z,88007048443,000000000000/
88,ECHO-EMBLEMHEALT DES:HCCLAIMPMT ID:060646659                
88,INDN:GREENWICH HOSPITAL      CO ID:2326137891 CCD           
88,PMT INFO:TRN*1*1130738920*1341858379-
16,165,12419,Z,87003151998,000000000000/
88,HUMANA GOVT BUSI DES:HCCLAIMPMT ID:2232506883               
88,INDN:GREENWICH HOSPITAL      CO ID:2610647538 CCD           
88,PMT INFO:TRN*1*2232506883*1611241225*WPSEAST  -
16,165,12070,Z,87003153815,000000000000/
88,ANTHEM BLUE HP5C DES:HCCLAIMPMT ID:3236825081               
88,INDN:GREENWICH HOSPITAL      CO ID:1133865627 CCD           
88,PMT INFO:TRN*1*3236825081*1133865627-
16,165,10415,Z,87021406751,000000000000/
88,ZP  Aither278    DES:HCCLAIMPMT ID:060646659                
88,INDN:Greenwich Hospital      CO ID:6452579291 CCD           
88,PMT INFO:TRN*1*470032935*1842273042-
16,165,8637,Z,87015854318,000000000000/
88,MAGNACARE701021  DES:CLAIM PAY  ID:03909881                 
88,INDN:GREENWICH HOSPITAL      CO ID:1113410766 CCD           
88,PMT INFO:TRN*1*71132269*1113410766-
16,165,6281,Z,87013526015,000000000000/
88,UMR              DES:HCCLAIMPMT ID:060646659                
88,INDN:GREENWICH HOSPITAL      CO ID:1999999100 CCD           
88,PMT INFO:TRN*1*CC78720092712204080795115*13919952           
88,76*0000UMR01-
16,165,5571,Z,87013526033,000000000000/
88,UMR              DES:HCCLAIMPMT ID:060646659                
88,INDN:GREENWICH HOSPITAL      CO ID:1999999100 CCD           
88,PMT INFO:TRN*1*CF94920092896264080813521*13919952           
88,76*0000UMR01-
16,165,4502,Z,88007048471,000000000000/
88,ECHO-EMBLEMHEALT DES:HCCLAIMPMT ID:060646659                
88,INDN:GREENWICH HOSPITAL      CO ID:2326137891 CCD           
88,PMT INFO:TRN*1*1130738926*1341858379-
16,165,836,Z,87003151996,000000000000/
88,HUMANA GOVT BUSI DES:HCCLAIMPMT ID:2232506882               
88,INDN:GREENWICH HOSPITAL ASS  CO ID:2610647538 CCD           
88,PMT INFO:TRN*1*2232506882*1611241225*WPSEAST  -
16,165,807,Z,87003153813,000000000000/
88,ANTHEM BLUE HP5C DES:HCCLAIMPMT ID:3236825082               
88,INDN:GREENWICH HOSPITAL      CO ID:1133865627 CCD           
88,PMT INFO:TRN*1*3236825082*1133865627-
16,165,627,Z,87003153592,000000000000/
88,ANTHEM BLUE NY5C DES:HCCLAIMPMT ID:3236825080               
88,INDN:GREENWICH HOSPITAL      CO ID:1237391136 CCD           
88,PMT INFO:TRN*1*3236825080*1237391136-
16,455,3511,Z,87021406834,000000000000/
88,PAY PLUS         DES:ACHTrans   ID:000000018405856          
88,INDN:Default debit account   CO ID:5452579291 CCD           
88,PMT INFO:FeeTransfer REF#18405856
49,118110889,223/
03,000050176826,USD/
16,164,1168790624,Z,87008524087,000000000000/
88,ANTHEM BCBS OF C DES:E-PAYMENT  ID:EE52770019               
88,INDN:YALE NEW HAVEN H        CO ID:1352145715 CTX           
88,ADDITIONAL INFORMATION IS AVAILABLE FOR THIS PMT.           
88,CONTACT A TREASURY SALES OFFICER FOR ASSISTANCE.
16,164,7519364,Z,87007837267,000000000000/
88,STATE OF CT      DES:VENDOR ACH ID:57437888                 
88,INDN:YALE NEW HAVEN H        CO ID:5066000798 CTX           
88,ADDITIONAL INFORMATION IS AVAILABLE FOR THIS PMT.           
88,CONTACT A TREASURY SALES OFFICER FOR ASSISTANCE.
16,165,190755217,Z,86013903823,000000000000/
88,NATIONAL GOVERNM DES:HCCLAIMPMT ID:070022                   
88,INDN:YALE-NEW HAVEN HOSPITA  CO ID:8351840597 CCD           
88,PMT INFO:TRN*1*EFT4015028*1351840597*000013001~
16,165,171814237,Z,87018228634,000000000000/
88,VERITY SOLUTIONS DES:VERITY     ID:V-11250                  
88,INDN:YALENEWHAVEN            CO ID:7029100307 CCD
16,165,91441361,Z,86013903816,000000000000/
88,NATIONAL GOVERNM DES:HCCLAIMPMT ID:070022                   
88,INDN:YALE-NEW HAVEN HOSPITA  CO ID:8351840597 CCD           
88,PMT INFO:TRN*1*EFT4015029*1351840597*000013001~
16,165,57205356,Z,86007008440,000000000000/
88,AETNA AS01       DES:HCCLAIMPMT ID:1578778726               
88,INDN:Yale New Haven Hospita  CO ID:3066033492 CCD           
88,PMT INFO:TRN*1*882408301000029*1066033492-
16,165,35743774,Z,87013533282,000000000000/
88,UnitedHealthcare DES:HCCLAIMPMT ID:060646652                
88,INDN:YALE NEW HAVEN HEALTH   CO ID:1111187726 CCD           
88,PMT INFO:TRN*1*Q6095969*1411289245*000087726-
16,165,32330090,Z,87013533168,000000000000/
88,UnitedHealthcare DES:HCCLAIMPMT ID:060646652                
88,INDN:YALE NEW HAVEN HEALTH   CO ID:1111187726 CCD           
88,PMT INFO:TRN*1*C2935044*1411289245*000087726-
16,165,30640926,Z,87013533458,000000000000/
88,UnitedHealthcare DES:HCCLAIMPMT ID:060646652                
88,INDN:YALE NEW HAVEN HEALTH   CO ID:1111187726 CCD           
88,PMT INFO:TRN*1*Q6089755*1411289245*000087726-
16,165,26661255,Z,86006771524,000000000000/
88,AETNA AS01       DES:HCCLAIMPMT ID:1578778726               
88,INDN:YALE NEW HAVEN HOSPITA  CO ID:1066033492 CCD           
88,PMT INFO:TRN*1*824085000268258*1066033492-
16,165,23262423,Z,86006771600,000000000000/
88,AETNA AS01       DES:HCCLAIMPMT ID:1336139500               
88,INDN:YALE NEW HAVEN HOSPITA  CO ID:1066033492 CCD           
88,PMT INFO:TRN*1*824085000268205*1066033492-
16,165,15065335,Z,87013532786,000000000000/
88,UNITEDHEALTHCARE DES:HCCLAIMPMT ID:060646652                
88,INDN:YALE NEW HAVEN HEALTH   CO ID:1411289245 CCD           
88,PMT INFO:TRN*1*1TZ75827237*1411289245*000087726-
16,165,13859960,Z,88007049105,000000000000/
88,ECHO-EMBLEMHEALT DES:HCCLAIMPMT ID:060646652                
88,INDN:YALE NEW HAVEN HOSPITA  CO ID:2326137891 CCD           
88,PMT INFO:TRN*1*1130738906*1341858379-
16,165,12616661,Z,87013533410,000000000000/
88,UnitedHealthcare DES:HCCLAIMPMT ID:060646652                
88,INDN:YALE NEW HAVEN HEALTH   CO ID:1111187726 CCD           
88,PMT INFO:TRN*1*C2934749*1411289245*000087726-
16,165,8486752,Z,87013532868,000000000000/
88,UNITEDHEALTHCARE DES:HCCLAIMPMT ID:060646652                
88,INDN:YALE NEW HAVEN HEALTH   CO ID:1411289245 CCD           
88,PMT INFO:TRN*1*9TZ75807725*1411289245*000087726-
16,165,7592635,Z,88007049107,000000000000/
88,ECHO-EMBLEMHEALT DES:HCCLAIMPMT ID:060646652                
88,INDN:YALE NEW HAVEN HOSPITA  CO ID:2326137891 CCD           
88,PMT INFO:TRN*1*1130738909*1341858379-
16,165,7521394,Z,87003153178,000000000000/
88,ANTHEM BLUE CT5C DES:HCCLAIMPMT ID:3236826196               
88,INDN:YALE NEW HAVEN HOSPITA  CO ID:3061475928 CCD           
88,PMT INFO:TRN*1*3236826196*1061475928-
16,165,7013030,Z,87003153176,000000000000/
88,ANTHEM BLUE CT5C DES:HCCLAIMPMT ID:3236826194               
88,INDN:YALE NEW HAVEN HOSPITA  CO ID:3061475928 CCD           
88,PMT INFO:TRN*1*3236826194*1061475928-
16,165,6699099,Z,87012539904,000000000000/
88,WELLCARE HEALTH  DES:HCCLAIMPMT ID:100023937053000          
88,INDN:YALE NEW HAVEN HOSPITA  CO ID:9023564003 CCD           
88,PMT INFO:TRN*1*1000239370*1832126269-
16,165,6302196,Z,88007049079,000000000000/
88,ECHO-EMBLEMHEALT DES:HCCLAIMPMT ID:060646652                
88,INDN:YALE NEW HAVEN HOSPITA  CO ID:2326137891 CCD           
88,PMT INFO:TRN*1*1130738907*1341858379-
16,165,5751237,Z,86021987762,000000000000/
88,OXFORD HEALTH IN DES:HCCLAIMPMT ID:060646652                
88,INDN:YALE NEW HAVEN HEALTH   CO ID:2222797560 CCD           
88,PMT INFO:TRN*1*26605494*1061118515*000006111-
16,165,4987495,Z,88007049161,000000000000/
88,ECHO-EMBLEMHEALT DES:HCCLAIMPMT ID:060646652                
88,INDN:YALE NEW HAVEN HOSPITA  CO ID:2326137891 CCD           
88,PMT INFO:TRN*1*1130738911*1341858379-
16,165,3787737,Z,87018229159,000000000000/
88,Optum VA CCN Reg DES:HCCLAIMPMT ID:060646652                
88,INDN:YALE NEW HAVEN HEALTH   CO ID:1120458126 CCD           
88,PMT INFO:TRN*1*7004254298*1204581265*0000VACCN-
16,165,3783463,Z,87013525423,000000000000/
88,UnitedHealthcare DES:HCCLAIMPMT ID:060646652                
88,INDN:YALE NEW HAVEN HEALTH   CO ID:1780000000 CCD           
88,PMT INFO:TRN*1*UH8820000062463100887963*139199527           
88,6*0000UMR01-
16,165,3011011,Z,87003152345,000000000000/
88,HUMANA GOVT BUSI DES:HCCLAIMPMT ID:4001507972               
88,INDN:YALE NEW HAVEN HOSPITA  CO ID:1611241225 CCD           
88,PMT INFO:TRN*1*4001507972*1611241225*WPSEAST  -
16,165,2853138,Z,86021987714,000000000000/
88,OXFORD HEALTH IN DES:HCCLAIMPMT ID:060646652                
88,INDN:YALE NEW HAVEN HEALTH   CO ID:2222797560 CCD           
88,PMT INFO:TRN*1*26605496*1061118515*000006111-
16,165,2540734,Z,87013527475,000000000000/
88,AARP Supplementa DES:HCCLAIMPMT ID:060646652                
88,INDN:YALE NEW HAVEN HEALTH   CO ID:1362739571 CCD           
88,PMT INFO:TRN*1*91045215820*1362739571*000036273-
16,165,2433012,Z,87003153399,000000000000/
88,ANTHEM BLUE CT5F DES:HCCLAIMPMT ID:3236826192               
88,INDN:YALE NEW HAVEN HOSPITA  CO ID:2061475928 CCD           
88,PMT INFO:TRN*1*3236826192*1061475928-
16,165,2353679,Z,87013527473,000000000000/
88,AARP Supplementa DES:HCCLAIMPMT ID:060646652                
88,INDN:YALE NEW HAVEN HEALTH   CO ID:1362739571 CCD           
88,PMT INFO:TRN*1*91045288453*1362739571*000036273-
16,165,2343390,Z,87012539927,000000000000/
88,WELLCARECTCARE   DES:HCCLAIMPMT ID:100121225053000          
88,INDN:YALE NEW HAVEN HOSPITA  CO ID:9038135150 CCD           
88,PMT INFO:TRN*1*1001212250*1061405640-
16,165,2236123,Z,86013903800,000000000000/
88,NATIONAL GOVERNM DES:HCCLAIMPMT ID:07S022                   
88,INDN:YALE NEW HAVEN HOSPITA  CO ID:8351840597 CCD           
88,PMT INFO:TRN*1*EFT4015011*1351840597*000013001~
16,165,2140340,Z,87013525584,000000000000/
88,Oxford Health Pl DES:HCCLAIMPMT ID:060646652                
88,INDN:YALE NEW HAVEN HEALTH   CO ID:1152244375 CCD           
88,PMT INFO:TRN*1*26597264*1522443751*000006111-
16,165,2009692,Z,87018229149,000000000000/
88,Optum VA CCN Reg DES:HCCLAIMPMT ID:060646652                
88,INDN:YALE NEW HAVEN HEALTH   CO ID:1120458126 CCD           
88,PMT INFO:TRN*1*7004254308*1204581265*0000VACCN-
16,165,1815542,Z,88007049093,000000000000/
88,ECHO-EMBLEMHEALT DES:HCCLAIMPMT ID:060646652                
88,INDN:YALE NEW HAVEN HOSPITA  CO ID:2326137891 CCD           
88,PMT INFO:TRN*1*1130738915*1341858379-
16,165,1669400,Z,87013527281,000000000000/
88,UnitedHealthcare DES:HCCLAIMPMT ID:060646652                
88,INDN:YALE NEW HAVEN HEALTH   CO ID:1713627395 CCD           
88,PMT INFO:TRN*1*26644014*1411289245*000087726-
16,165,1540942,Z,88007049159,000000000000/
88,ECHO-EMBLEMHEALT DES:HCCLAIMPMT ID:060646652                
88,INDN:YALE NEW HAVEN HOSPITA  CO ID:2326137891 CCD           
88,PMT INFO:TRN*1*1130738908*1341858379-
16,165,1511607,Z,87013533134,000000000000/
88,UnitedHealthcare DES:HCCLAIMPMT ID:060646652                
88,INDN:YALE NEW HAVEN HEALTH   CO ID:1111187726 CCD           
88,PMT INFO:TRN*1*C6772532*1411289245*000087726-
16,165,1409511,Z,87021406666,000000000000/
88,ZP  GLOBELIFE644 DES:HCCLAIMPMT ID:060646652                
88,INDN:Yale New Haven Hospita  CO ID:6452579291 CCD           
88,PMT INFO:TRN*1*469672438*1731128555-
16,165,1382269,Z,87021406679,000000000000/
88,ZP  SISCO062     DES:HCCLAIMPMT ID:060646652                
88,INDN:Yale New Haven Hospita  CO ID:6452579291 CCD           
88,PMT INFO:TRN*1*469175106*1421144827-
16,165,1228864,Z,87003151994,000000000000/
88,HUMANA GOVT BUSI DES:HCCLAIMPMT ID:2232506881               
88,INDN:YALE NEW HAVEN HOSPITA  CO ID:2610647538 CCD           
88,PMT INFO:TRN*1*2232506881*1611241225*WPSEAST  -
16,165,1191128,Z,87013525949,000000000000/
88,UMR              DES:HCCLAIMPMT ID:060646652                
88,INDN:YALE NEW HAVEN HEALTH   CO ID:1999999100 CCD           
88,PMT INFO:TRN*1*CF94920092898704080813765*13919952           
88,76*0000UMR01-
16,165,1131891,Z,87003153397,000000000000/
88,ANTHEM BLUE CT5F DES:HCCLAIMPMT ID:3236826191               
88,INDN:YALE NEW HAVEN HOSPITA  CO ID:2061475928 CCD           
88,PMT INFO:TRN*1*3236826191*1061475928-
16,165,1102390,Z,87021406691,000000000000/
88,ZP  IMAGINE36336 DES:HCCLAIMPMT ID:060646652                
88,INDN:Yale New Haven Hospita  CO ID:6452579291 CCD           
88,PMT INFO:TRN*1*468350143*1751617587-
16,165,1067413,Z,87013533578,000000000000/
88,UnitedHealthcare DES:HCCLAIMPMT ID:060646652                
88,INDN:YALE NEW HAVEN HEALTH   CO ID:1111187726 CCD           
88,PMT INFO:TRN*1*C2938036*1411289245*000087726-
16,165,1054500,Z,87013526286,000000000000/
88,UNITED BEHAVIORA DES:HCCLAIMPMT ID:060646652                
88,INDN:YALE NEW HAVEN HEALTH   CO ID:1805600008 CCD           
88,PMT INFO:TRN*1*C5617955*1411289245*000087726-
16,165,976015,Z,86013902827,000000000000/
88,NGS  INC.        DES:HCCLAIMPMT ID:1336139500               
88,INDN:YALE NEW HAVEN HOSPITA  CO ID:A351840597 CCD           
88,PMT INFO:TRN*1*812316998*1351840597~
16,165,948722,Z,87021406685,000000000000/
88,ZP  HPI025       DES:HCCLAIMPMT ID:060646652                
88,INDN:Yale New Haven Hospita  CO ID:6452579291 CCD           
88,PMT INFO:TRN*1*469741696*1042734278-
16,165,932524,Z,87018229052,000000000000/
88,STUDENT RESOURCE DES:HCCLAIMPMT ID:060646652                
88,INDN:YALE NEW HAVEN HEALTH   CO ID:1742270442 CCD           
88,PMT INFO:TRN*1*9021005368*1742270442*000087726-
16,165,665126,Z,87013527215,000000000000/
88,UnitedHealthcare DES:HCCLAIMPMT ID:060646652                
88,INDN:YALE NEW HAVEN HEALTH   CO ID:1713627395 CCD           
88,PMT INFO:TRN*1*26644015*1411289245*000087726-
16,165,645756,Z,87013533422,000000000000/
88,UnitedHealthcare DES:HCCLAIMPMT ID:060646652                
88,INDN:YALE NEW HAVEN HEALTH   CO ID:1111187726 CCD           
88,PMT INFO:TRN*1*C2937961*1411289245*000087726-
16,165,642833,Z,88007049077,000000000000/
88,ECHO-EMBLEMHEALT DES:HCCLAIMPMT ID:060646652                
88,INDN:YALE NEW HAVEN HOSPITA  CO ID:2326137891 CCD           
88,PMT INFO:TRN*1*1130738904*1341858379-
16,165,536000,Z,88001941157,000000000000/
88,BANK OF AMERICA  DES:DEPOSIT    ID:345804899887             
88,INDN:YNHH S VALET PARKING    CO ID:941687665B CCD
16,165,519078,Z,88007049089,000000000000/
88,ECHO-EMBLEMHEALT DES:HCCLAIMPMT ID:060646652                
88,INDN:YALE NEW HAVEN HOSPITA  CO ID:2326137891 CCD           
88,PMT INFO:TRN*1*1130738905*1341858379-
16,165,459525,Z,87013525459,000000000000/
88,UnitedHealthcare DES:HCCLAIMPMT ID:060646652                
88,INDN:YALE NEW HAVEN HEALTH   CO ID:1780000000 CCD           
88,PMT INFO:TRN*1*UH48600000624642018527*1391995276*           
88,0000UMR01-
16,165,455929,Z,87003471515,000000000000/
88,HUMANA INS CO    DES:HCCLAIMPMT ID:44382688                 
88,INDN:YALE NEW HAVEN HOSPITA  CO ID:1391263473 CCD           
88,PMT INFO:TRN*1*129314066240326*1391263473-
16,165,427007,Z,88007049103,000000000000/
88,ECHO-EMBLEMHEALT DES:HCCLAIMPMT ID:060646652                
88,INDN:YALE NEW HAVEN HOSPITA  CO ID:2326137891 CCD           
88,PMT INFO:TRN*1*1130738903*1341858379-
16,165,416796,Z,87003153972,000000000000/
88,Tufts Associated DES:HCCLAIMPMT ID:                         
88,INDN:YALE NEW HAVEN HOSPITA  CO ID:1400000002 CCD           
88,PMT INFO:TRN*1*012444588*1042674079-
16,165,395782,Z,87012518305,000000000000/
88,WPS-TMEP CONTRAC DES:HCCLAIMPMT ID:2503516963               
88,INDN:YALE NEW HAVEN HOSPITA  CO ID:9387331000 CCD           
88,PMT INFO:TRN*1*2503516963*1391268299*WPSTDEFIC-
16,165,344307,Z,86012441563,000000000000/
88,AETNA A04        DES:HCCLAIMPMT ID:1578778726               
88,INDN:YALE NEW HAVEN HOSPITA  CO ID:1066033492 CCD           
88,PMT INFO:TRN*1*824085000268235*1066033492-
16,165,335728,Z,87003153174,000000000000/
88,ANTHEM BLUE CT5C DES:HCCLAIMPMT ID:3236826195               
88,INDN:YALE NEW HAVEN HOSPITA  CO ID:3061475928 CCD           
88,PMT INFO:TRN*1*3236826195*1061475928-
16,165,320528,Z,87021406650,000000000000/
88,ZP  STIRLINGB111 DES:HCCLAIMPMT ID:060646652                
88,INDN:Yale New Haven Hospita  CO ID:6452579291 CCD           
88,PMT INFO:TRN*1*469253067*1060892635-
16,165,319703,Z,87021406660,000000000000/
88,ZP  STIRLINGB111 DES:HCCLAIMPMT ID:060646652                
88,INDN:Yale New Haven Hospita  CO ID:6452579291 CCD           
88,PMT INFO:TRN*1*469253320*1060892635-
16,165,293723,Z,87013525415,000000000000/
88,UnitedHealthcare DES:HCCLAIMPMT ID:060646652                
88,INDN:YALE NEW HAVEN HEALTH   CO ID:1780000000 CCD           
88,PMT INFO:TRN*1*UH04Z24032201220007119406*13919952           
88,76*0000UMR01-
16,165,274407,Z,87013532854,000000000000/
88,UNITEDHEALTHCARE DES:HCCLAIMPMT ID:060646652                
88,INDN:YALE NEW HAVEN HEALTH   CO ID:1411289245 CCD           
88,PMT INFO:TRN*1*1TZ75715377*1411289245*000087726-
16,165,243900,Z,88001968254,000000000000/
88,BANK OF AMERICA  DES:DEPOSIT    ID:737180001882             
88,INDN:YNHH PARKING GEORGE ST  CO ID:941687665B CCD
16,165,232655,Z,87013525437,000000000000/
88,UnitedHealthcare DES:HCCLAIMPMT ID:060646652                
88,INDN:YALE NEW HAVEN HEALTH   CO ID:1780000000 CCD           
88,PMT INFO:TRN*1*UH48700001048056308936*1391995276*           
88,0000UMR01-
16,165,228086,Z,87013525240,000000000000/
88,UHC GOVERNMENT E DES:HCCLAIMPMT ID:060646652                
88,INDN:YALE NEW HAVEN HEALTH   CO ID:1783600010 CCD           
88,PMT INFO:TRN*1*UH0732408116500107602426*139199527           
88,6*0000UMR01-
16,165,215709,Z,86021987681,000000000000/
88,OXFORD HEA PL CT DES:HCCLAIMPMT ID:060646652                
88,INDN:YALE NEW HAVEN HEALTH   CO ID:2061181201 CCD           
88,PMT INFO:TRN*1*26595742*1061118515*000006111-
16,165,209700,Z,88002043448,000000000000/
88,BANK OF AMERICA  DES:DEPOSIT    ID:313288582882             
88,INDN:YALE NEW HAVEN HOSP CE  CO ID:0941687665 CCD
16,165,201812,Z,88006812908,000000000000/
88,ECHO-Meritain He DES:HCCLAIMPMT ID:060646652                
88,INDN:YALE NEW HAVEN HOSPITA  CO ID:1341858386 CCD           
88,PMT INFO:TRN*1*1130354347*1341858379-
16,165,188000,Z,88001963939,000000000000/
88,BANK OF AMERICA  DES:DEPOSIT    ID:737023090886             
88,INDN:YNHH YSC PARKING DEPT   CO ID:941687665B CCD
16,165,179603,Z,88006812900,000000000000/
88,ECHO-Luminare He DES:HCCLAIMPMT ID:060646652                
88,INDN:YALE NEW HAVEN HOSPITA  CO ID:1341858386 CCD           
88,PMT INFO:TRN*1*1130354346*1341858379-
16,165,173800,Z,88001963924,000000000000/
88,BANK OF AMERICA  DES:DEPOSIT    ID:737022961889             
88,INDN:YNHH YSC VALET PARKING  CO ID:941687665B CCD
16,165,172265,Z,87021406656,000000000000/
88,ZP  STIRLINGB111 DES:HCCLAIMPMT ID:060646652                
88,INDN:Yale New Haven Hospita  CO ID:6452579291 CCD           
88,PMT INFO:TRN*1*469253150*1060892635-
16,165,170912,Z,88007049091,000000000000/
88,ECHO-EMBLEMHEALT DES:HCCLAIMPMT ID:060646652                
88,INDN:YALE NEW HAVEN HOSPITA  CO ID:2326137891 CCD           
88,PMT INFO:TRN*1*1130738912*1341858379-
16,165,166988,Z,87013525449,000000000000/
88,UnitedHealthcare DES:HCCLAIMPMT ID:060646652                
88,INDN:YALE NEW HAVEN HEALTH   CO ID:1780000000 CCD           
88,PMT INFO:TRN*1*UH56000000624657072822*1391995276*           
88,0000UMR01-
16,165,166350,Z,88001948004,000000000000/
88,BANK OF AMERICA  DES:DEPOSIT    ID:372277185883             
88,INDN:BIKE RIDE - CTF YNHH    CO ID:941687665B CCD
16,165,163200,Z,87021406670,000000000000/
88,ZP  GLOBELIFE644 DES:HCCLAIMPMT ID:060646652                
88,INDN:Yale New Haven Hospita  CO ID:6452579291 CCD           
88,PMT INFO:TRN*1*469680045*1731128555-
16,165,146975,Z,87021406682,000000000000/
88,ZP  Aither278    DES:HCCLAIMPMT ID:060646652                
88,INDN:Yale New Haven Hospita  CO ID:6452579291 CCD           
88,PMT INFO:TRN*1*470033183*1842273042-
16,165,144475,Z,87013525967,000000000000/
88,UMR              DES:HCCLAIMPMT ID:060646652                
88,INDN:YALE NEW HAVEN HEALTH   CO ID:1999999100 CCD           
88,PMT INFO:TRN*1*CF49707090059284067550887*13919952           
88,76*0000UMR01-
16,165,142198,Z,87013533274,000000000000/
88,UnitedHealthcare DES:HCCLAIMPMT ID:060646652                
88,INDN:YALE NEW HAVEN HEALTH   CO ID:1111187726 CCD           
88,PMT INFO:TRN*1*C6771798*1411289245*000087726-
16,165,124618,Z,87021406654,000000000000/
88,ZP  STIRLINGB111 DES:HCCLAIMPMT ID:060646652                
88,INDN:Yale New Haven Hospita  CO ID:6452579291 CCD           
88,PMT INFO:TRN*1*469253761*1060892635-
16,165,119913,Z,87013526310,000000000000/
88,UNITED BEHAVIORA DES:HCCLAIMPMT ID:060646652                
88,INDN:YALE NEW HAVEN HEALTH   CO ID:1805600008 CCD           
88,PMT INFO:TRN*1*C5618095*1411289245*000087726-
16,165,115300,Z,87021406673,000000000000/
88,ZP  UHCDComm5044 DES:HCCLAIMPMT ID:060646652                
88,INDN:Yale New Haven Hospita  CO ID:6452579291 CCD           
88,PMT INFO:TRN*1*469950364*1470858530-
16,165,114000,Z,87007908757,000000000000/
88,SSA  TREAS 310   DES:  MISC PAY ID:060646652280400          
88,INDN:YALE NEW HAVEN HOSPITA  CO ID:9101036151 CCD           
88,PMT INFO:RMR*IV*MHIT438763*AI*1140.00*1140.00*0.0           
88,0-
16,165,101996,Z,88007049081,000000000000/
88,ECHO-EMBLEMHEALT DES:HCCLAIMPMT ID:060646652                
88,INDN:YALE NEW HAVEN HOSPITA  CO ID:2326137891 CCD           
88,PMT INFO:TRN*1*1130738910*1341858379-
16,165,100856,Z,87003559547,000000000000/
88,InstaMed         DES:YALE NEW H ID:021000023639468          
88,INDN:YALE NEW HAVEN HOSPITA  CO ID:9221883201 CCD
16,165,96858,Z,88006812893,000000000000/
88,ECHO-Adva-net    DES:HCCLAIMPMT ID:060646652                
88,INDN:YALE NEW HAVEN HOSPITA  CO ID:1341858386 CCD           
88,PMT INFO:TRN*1*1130354348*1341858379-
16,165,87500,Z,88002044929,000000000000/
88,BANK OF AMERICA  DES:DEPOSIT    ID:313304119883             
88,INDN:YNHH-S PARKING SRC      CO ID:0941687665 CCD
16,165,82629,Z,87015854320,000000000000/
88,MAGNACARE701021  DES:CLAIM PAY  ID:03909877                 
88,INDN:YALE NEW HAVEN HOSPITA  CO ID:1113410766 CCD           
88,PMT INFO:TRN*1*71132358*1113410766-
16,165,71996,Z,88001940850,000000000000/
88,BANK OF AMERICA  DES:DEPOSIT    ID:192708190011844          
88,INDN:YNH HOSPITAL SMILOW     CO ID:941687665B CCD
16,165,64730,Z,87013525957,000000000000/
88,UMR              DES:HCCLAIMPMT ID:060646652                
88,INDN:YALE NEW HAVEN HEALTH   CO ID:1999999100 CCD           
88,PMT INFO:TRN*1*CJ76020093249934080848888*13919952           
88,76*0000UMR01-
16,165,64618,Z,87021406694,000000000000/
88,ZP  Gilsbar036   DES:HCCLAIMPMT ID:060646652                
88,INDN:Yale New Haven Hospita  CO ID:6452579291 CCD           
88,PMT INFO:TRN*1*469295154*1720519951-
16,165,54000,Z,88001940857,000000000000/
88,BANK OF AMERICA  DES:DEPOSIT    ID:192708190017264          
88,INDN:YNHH PARKIN HOWE ST GA  CO ID:941687665B CCD
16,165,48451,Z,88007049163,000000000000/
88,ECHO-EMBLEMHEALT DES:HCCLAIMPMT ID:060646652                
88,INDN:YALE NEW HAVEN HOSPITA  CO ID:2326137891 CCD           
88,PMT INFO:TRN*1*1130738914*1341858379-
16,165,46610,Z,87021406658,000000000000/
88,ZP  STIRLINGB111 DES:HCCLAIMPMT ID:060646652                
88,INDN:Yale New Haven Hospita  CO ID:6452579291 CCD           
88,PMT INFO:TRN*1*469253304*1060892635-
16,165,46000,Z,88001968253,000000000000/
88,BANK OF AMERICA  DES:DEPOSIT    ID:737180000884             
88,INDN:YNHH PARKING ORCHARD S  CO ID:941687665B CCD
16,165,43964,Z,87013525971,000000000000/
88,UMR              DES:HCCLAIMPMT ID:060646652                
88,INDN:YALE NEW HAVEN HEALTH   CO ID:1999999100 CCD           
88,PMT INFO:TRN*1*CC21920092700064080793901*13919952           
88,76*0000UMR01-
16,165,42904,Z,87013525979,000000000000/
88,UMR              DES:HCCLAIMPMT ID:060646652                
88,INDN:YALE NEW HAVEN HEALTH   CO ID:1999999100 CCD           
88,PMT INFO:TRN*1*CK13820093322644080856159*13919952           
88,76*0000UMR01-
16,165,42500,Z,87008002543,000000000000/
88,BANK OF AMERICA  DES:DEPOSIT    ID:451190180997             
88,INDN:YALE NEW HAVEN HOSPITA  CO ID:1113356099 CCD
16,165,38991,Z,86021987706,000000000000/
88,OXFORD HEALTH IN DES:HCCLAIMPMT ID:060646652                
88,INDN:YALE NEW HAVEN HEALTH   CO ID:2222797560 CCD           
88,PMT INFO:TRN*1*26605495*1061118515*000006111-
16,165,35934,Z,87009079884,000000000000/
88,NORIDIAN DMEMAC  DES:HCCLAIMPMT ID:6468950001               
88,INDN:YALE NEW HAVEN HOSPITA  CO ID:1262326076 CCD           
88,PMT INFO:TRN*1*081517690860245*1262326076~
16,165,33220,Z,88001964210,000000000000/
88,BANK OF AMERICA  DES:DEPOSIT    ID:737025498889             
88,INDN:YNHH A MOTHERS PLACE    CO ID:941687665B CCD
16,165,33016,Z,88007049074,000000000000/
88,ECHO-AMERIHEALTH DES:HCCLAIMPMT ID:060646652                
88,INDN:YALE NEW HAVEN HOSPITA  CO ID:2326137891 CCD           
88,PMT INFO:TRN*1*1130640633*1341858379-
16,165,31781,Z,87021406663,000000000000/
88,ZP  AlliedCBS995 DES:HCCLAIMPMT ID:060646652                
88,INDN:Yale New Haven Hospita  CO ID:6452579291 CCD           
88,PMT INFO:TRN*1*469245723*1363884439-
16,165,29881,Z,87013525413,000000000000/
88,UnitedHealthcare DES:HCCLAIMPMT ID:060646652                
88,INDN:YALE NEW HAVEN HEALTH   CO ID:1780000000 CCD           
88,PMT INFO:TRN*1*UH6350000062462997200575*139199527           
88,6*0000UMR01-
16,165,28410,Z,87021406668,000000000000/
88,ZP  GLOBELIFE644 DES:HCCLAIMPMT ID:060646652                
88,INDN:Yale New Haven Hospita  CO ID:6452579291 CCD           
88,PMT INFO:TRN*1*469679816*1731128555-
16,165,21324,Z,87013526001,000000000000/
88,UMR              DES:HCCLAIMPMT ID:060646652                
88,INDN:YALE NEW HAVEN HEALTH   CO ID:1999999100 CCD           
88,PMT INFO:TRN*1*CF23720092798774080803772*13919952           
88,76*0000UMR01-
16,165,18819,Z,87015854316,000000000000/
88,MAGNACARE701021  DES:CLAIM PAY  ID:03909877                 
88,INDN:YALE NEW HAVEN HOSPITA  CO ID:1113410766 CCD           
88,PMT INFO:TRN*1*71132268*1113410766-
16,165,18685,Z,88007049186,000000000000/
88,ECHO-GALLAGHER B DES:HCCLAIMPMT ID:060646652                
88,INDN:YALE NEW HAVEN HOSPITA  CO ID:2326137891 CCD           
88,PMT INFO:TRN*1*1130631640*1341858379-
16,165,14000,Z,88001941154,000000000000/
88,BANK OF AMERICA  DES:DEPOSIT    ID:345804891884             
88,INDN:YALE NEW HAVEN HEALTH   CO ID:941687665B CCD
16,165,12650,Z,87021406688,000000000000/
88,ZP  ACTUARIAL116 DES:HCCLAIMPMT ID:060646652                
88,INDN:Yale New Haven Hospita  CO ID:6452579291 CCD           
88,PMT INFO:TRN*1*469841042*1250522060-
16,165,11999,Z,86007109808,000000000000/
88,AETNA AS01       DES:HCCLAIMPMT ID:1578778726               
88,INDN:Yale New Haven Hospita  CO ID:3066033492 CCD           
88,PMT INFO:TRN*1*882408301045460*1066033492-
16,165,9168,Z,86007121434,000000000000/
88,AETNA AS01       DES:HCCLAIMPMT ID:1578778726               
88,INDN:Yale New Haven Hospita  CO ID:3066033492 CCD           
88,PMT INFO:TRN*1*882408301073351*1066033492-
16,165,5419,Z,87012539906,000000000000/
88,WELLCARE HEALTH  DES:HCCLAIMPMT ID:100023938053000          
88,INDN:YALE NEW HAVEN HOSPITA  CO ID:9023564003 CCD           
88,PMT INFO:TRN*1*1000239380*1832126269-
16,165,4991,Z,88007049109,000000000000/
88,ECHO-EMBLEMHEALT DES:HCCLAIMPMT ID:060646652                
88,INDN:YALE NEW HAVEN HOSPITA  CO ID:2326137891 CCD           
88,PMT INFO:TRN*1*1130738916*1341858379-
16,165,4718,Z,87003153172,000000000000/
88,ANTHEM BLUE CT5C DES:HCCLAIMPMT ID:3236826198               
88,INDN:YALE NEW HAVEN HOSPITA  CO ID:3061475928 CCD           
88,PMT INFO:TRN*1*3236826198*1061475928-
16,165,4645,Z,87021406652,000000000000/
88,ZP  STIRLINGB111 DES:HCCLAIMPMT ID:060646652                
88,INDN:Yale New Haven Hospita  CO ID:6452579291 CCD           
88,PMT INFO:TRN*1*469253710*1060892635-
16,165,4233,Z,87016237750,000000000000/
88,SAMBA HEALTH BEN DES:HCCLAIMPMT ID:1578778726               
88,INDN:YALE NEW HAVEN HOSP     CO ID:2521074154 CCD           
88,PMT INFO:TRN*1*EF0414532*1521074154*521074154-
16,165,3917,Z,88007049083,000000000000/
88,ECHO-EMBLEMHEALT DES:HCCLAIMPMT ID:060646652                
88,INDN:YALE NEW HAVEN HOSPITA  CO ID:2326137891 CCD           
88,PMT INFO:TRN*1*1130738913*1341858379-
16,165,3328,Z,87021406676,000000000000/
88,ZP  LeadEdg080   DES:HCCLAIMPMT ID:060646652                
88,INDN:Yale New Haven Hospita  CO ID:6452579291 CCD           
88,PMT INFO:TRN*1*467761099*1272589905-
16,165,2336,Z,87003153805,000000000000/
88,Wellpoint NJ5C   DES:HCCLAIMPMT ID:3236826197               
88,INDN:YALE NEW HAVEN HOSPITA  CO ID:1223375292 CCD           
88,PMT INFO:TRN*1*3236826197*1223375292-
16,165,1450,Z,87013525937,000000000000/
88,UMR              DES:HCCLAIMPMT ID:060646652                
88,INDN:YALE NEW HAVEN HEALTH   CO ID:1999999100 CCD           
88,PMT INFO:TRN*1*CB02920092606924080784587*13919952           
88,76*0000UMR01-
16,165,1350,Z,87021406775,000000000000/
88,ZP  Cigna240     DES:HCCLAIMPMT ID:060646652                
88,INDN:Yale New Haven Hospita  CO ID:L306458084 CCD           
88,PMT INFO:TRN*1*470245658*1061059331-
16,165,1040,Z,87003153395,000000000000/
88,ANTHEM BLUE CT5F DES:HCCLAIMPMT ID:3236826193               
88,INDN:YALE NEW HAVEN HOSPITA  CO ID:2061475928 CCD           
88,PMT INFO:TRN*1*3236826193*1061475928-
16,165,750,Z,87013525943,000000000000/
88,UMR              DES:HCCLAIMPMT ID:060646652                
88,INDN:YALE NEW HAVEN HEALTH   CO ID:1999999100 CCD           
88,PMT INFO:TRN*1*CL18520093438474080867742*13919952           
88,76*0000UMR01-
16,455,15544,Z,87021406840,000000000000/
88,PAY PLUS         DES:ACHTrans   ID:000000018423544          
88,INDN:Default debit account   CO ID:5452579291 CCD           
88,PMT INFO:FeeTransfer REF#18423544
49,1992575356,513/
03,000067673525,USD/
16,164,24595116,Z,87010314304,000000000000/
88,EDWARDS LIFESCIE DES:PAYMENTS 3 ID:000000000384796          
88,INDN:YALE NEW HAVEN H        CO ID:3364340422 CTX           
88,ADDITIONAL INFORMATION IS AVAILABLE FOR THIS PMT.           
88,CONTACT A TREASURY SALES OFFICER FOR ASSISTANCE.
16,165,31500261,Z,88002047115,000000000000/
88,BANK OF AMERICA  DES:DEPOSIT    ID:313767837880             
88,INDN:HSC MYCHART             CO ID:0941687665 CCD
16,165,2259694,Z,88002047565,000000000000/
88,BANK OF AMERICA  DES:DEPOSIT    ID:313773839888             
88,INDN:YNHH CALL CENTER        CO ID:0941687665 CCD
16,166,2627991,Z,88001497090,000000000000/
88,Yale New Haven    DES:TC ACH      FL# 24088000019           
88,INDN:SETT-BATCH 1327666715  CO ID:1327666715 CCD            
88,BATCH DESC:9612
16,455,5541421,Z,87007929878,000000000000/
88,HSA BANK         DES:CLAIM FUND ID:LMH704000001772          
88,INDN:YALE NEW HAVEN HEALTH   CO ID:1390634250 CCD
16,455,3479687,Z,87007929873,000000000000/
88,HSA BANK         DES:DEBCARDTX  ID:LMH704000001772          
88,INDN:YALE NEW HAVEN HEALTH   CO ID:1390634250 CCD
16,557,16950,Z,88001495545,000000000000/
88,Yale New Haven   DES:RETURN     ID:035-0208630818           
88,INDN:SETT-ACH DETAIL RETURN CO ID:1327666715 CCD            
88,BATCH DESC:9608
16,557,4000,Z,88001495544,000000000000/
88,Yale New Haven   DES:RETURN     ID:035-0208779728           
88,INDN:SETT-ACH DETAIL RETURN CO ID:1327666715 CCD            
88,BATCH DESC:9608
49,70025120,31/
03,003851256738,USD/
16,165,844647,Z,88001941156,000000000000/
88,BANK OF AMERICA  DES:DEPOSIT    ID:345804897881             
88,INDN:BRIDGEPORT HOSPITAL     CO ID:941687665B CCD
49,844647,5/
03,003852860660,USD/
16,165,1385879,Z,88002044626,000000000000/
88,BANK OF AMERICA  DES:DEPOSIT    ID:313301764889             
88,INDN:YALE NEW HAVEN HOSPITA  CO ID:0941687665 CCD
49,1385879,5/
03,009413772544,USD/
16,165,5931894,Z,88002047116,000000000000/
88,BANK OF AMERICA  DES:DEPOSIT    ID:313767838888             
88,INDN:NEMG MYCHART            CO ID:0941687665 CCD
16,165,4665000,Z,87024411974,000000000000/
88,VATICA HEALTH    DES:VATICAPAY  ID:0324VATICA               
88,INDN:NORTH                   CO ID:1453367648 CCD
16,165,444085,Z,88002044777,000000000000/
88,BANK OF AMERICA  DES:DEPOSIT    ID:313302910887             
88,INDN:NORTHEAST MEDICAL GROU  CO ID:0941687665 CCD
16,165,94000,Z,88002047539,000000000000/
88,BANK OF AMERICA  DES:DEPOSIT    ID:313773283889             
88,INDN:NEMG KINGS HIGHWAY CUT  CO ID:0941687665 CCD
16,165,69772,Z,88002047541,000000000000/
88,BANK OF AMERICA  DES:DEPOSIT    ID:313773285884             
88,INDN:NEMG UROLOGY 160 HAWLE  CO ID:0941687665 CCD
16,165,63000,Z,88007203924,000000000000/
88,HRTLAND PMT SYS  DES:TXNS/FEES  ID:650000005131779          
88,INDN:CARDIAC SPECIALISTS     CO ID:WFBEHPS001 CCD
16,165,57000,Z,88002047765,000000000000/
88,BANK OF AMERICA  DES:DEPOSIT    ID:313776211887             
88,INDN:NEMG PULMONARY TRUMBUL  CO ID:0941687665 CCD
16,165,56700,Z,88007203480,000000000000/
88,HRTLAND PMT SYS  DES:TXNS/FEES  ID:650000009687818          
88,INDN:NEMG STONINGTON         CO ID:WFBEHPS001 CCD
16,165,51000,Z,88002047329,000000000000/
88,BANK OF AMERICA  DES:DEPOSIT    ID:313770992888             
88,INDN:NEMG GUILFORD           CO ID:0941687665 CCD
16,165,42296,Z,88007203446,000000000000/
88,HRTLAND PMT SYS  DES:TXNS/FEES  ID:650000006832425          
88,INDN:CT MEDICAL GROUP        CO ID:WFBEHPS001 CCD
16,165,40000,Z,88007203436,000000000000/
88,HRTLAND PMT SYS  DES:TXNS/FEES  ID:650000009687644          
88,INDN:NEMG WATERFORD          CO ID:WFBEHPS001 CCD
16,165,33500,Z,88002047767,000000000000/
88,BANK OF AMERICA  DES:DEPOSIT    ID:313776216886             
88,INDN:NEMG ORTHO SURGERY MIL  CO ID:0941687665 CCD
16,165,33000,Z,88007203894,000000000000/
88,HRTLAND PMT SYS  DES:TXNS/FEES  ID:650000005131779          
88,INDN:CARDIAC SPECIALISTS     CO ID:WFBEHPS001 CCD
16,165,32014,Z,88007203450,000000000000/
88,HRTLAND PMT SYS  DES:TXNS/FEES  ID:650000006832698          
88,INDN:CT MEDICAL GROUP        CO ID:WFBEHPS001 CCD
16,165,32000,Z,88007203496,000000000000/
88,HRTLAND PMT SYS  DES:TXNS/FEES  ID:650000009687990          
88,INDN:NEMG MOB                CO ID:WFBEHPS001 CCD
16,165,29500,Z,88007203438,000000000000/
88,HRTLAND PMT SYS  DES:TXNS/FEES  ID:650000006832813          
88,INDN:CT MEDICAL GROUP        CO ID:WFBEHPS001 CCD
16,165,29500,Z,88007203505,000000000000/
88,HRTLAND PMT SYS  DES:TXNS/FEES  ID:650000009688287          
88,INDN:NEMG WESTERLY ORTHOPED  CO ID:WFBEHPS001 CCD
16,165,29000,Z,88007203456,000000000000/
88,HRTLAND PMT SYS  DES:TXNS/FEES  ID:650000009688220          
88,INDN:NEMG WESTERLY DERMATOL  CO ID:WFBEHPS001 CCD
16,165,26000,Z,88002047540,000000000000/
88,BANK OF AMERICA  DES:DEPOSIT    ID:313773284887             
88,INDN:NEMG UROLOGY 52 BEACH   CO ID:0941687665 CCD
16,165,25000,Z,88007203849,000000000000/
88,HRTLAND PMT SYS  DES:TXNS/FEES  ID:650000005131985          
88,INDN:CARDIAC SPECIALISTS     CO ID:WFBEHPS001 CCD
16,165,23000,Z,88007203499,000000000000/
88,HRTLAND PMT SYS  DES:TXNS/FEES  ID:650000007481735          
88,INDN:BRIDGEPORT PODIATRY AS  CO ID:WFBEHPS001 CCD
16,165,22108,Z,88007203418,000000000000/
88,HRTLAND PMT SYS  DES:TXNS/FEES  ID:650000006832813          
88,INDN:CT MEDICAL GROUP        CO ID:WFBEHPS001 CCD
16,165,21500,Z,88007203424,000000000000/
88,HRTLAND PMT SYS  DES:TXNS/FEES  ID:650000009688147          
88,INDN:NEMG DEVINE STREET      CO ID:WFBEHPS001 CCD
16,165,20500,Z,88007203874,000000000000/
88,HRTLAND PMT SYS  DES:TXNS/FEES  ID:650000004919745          
88,INDN:NEMG HUNTINGTON WALK I  CO ID:WFBEHPS001 CCD
16,165,20000,Z,88002047328,000000000000/
88,BANK OF AMERICA  DES:DEPOSIT    ID:313770991880             
88,INDN:NEMG INTERNAL MEDICINE  CO ID:0941687665 CCD
16,165,20000,Z,88007203493,000000000000/
88,HRTLAND PMT SYS  DES:TXNS/FEES  ID:650000009687966          
88,INDN:NEMG WESTERLY GASTROEN  CO ID:WFBEHPS001 CCD
16,165,19500,Z,88002047564,000000000000/
88,BANK OF AMERICA  DES:DEPOSIT    ID:313773836884             
88,INDN:NEMG UROLOGY WARWICK    CO ID:0941687665 CCD
16,165,19000,Z,88007203469,000000000000/
88,HRTLAND PMT SYS  DES:TXNS/FEES  ID:650000009687990          
88,INDN:NEMG MOB                CO ID:WFBEHPS001 CCD
16,165,18000,Z,88007203403,000000000000/
88,HRTLAND PMT SYS  DES:TXNS/FEES  ID:650000007967212          
88,INDN:NEMG PULMONARY MEDICIN  CO ID:WFBEHPS001 CCD
16,165,15500,Z,88002047330,000000000000/
88,BANK OF AMERICA  DES:DEPOSIT    ID:313770999883             
88,INDN:NEMG INTERNAL MEDICINE  CO ID:0941687665 CCD
16,165,15500,Z,88007203488,000000000000/
88,HRTLAND PMT SYS  DES:TXNS/FEES  ID:650000005587178          
88,INDN:SHORELINE INTERNAL MED  CO ID:WFBEHPS001 CCD
16,165,15200,Z,88007203388,000000000000/
88,HRTLAND PMT SYS  DES:TXNS/FEES  ID:650000009687552          
88,INDN:NEMG MYSTIC             CO ID:WFBEHPS001 CCD
16,165,15000,Z,88007203437,000000000000/
88,HRTLAND PMT SYS  DES:TXNS/FEES  ID:650000006048691          
88,INDN:NEMG INTERNAL MEDICINE  CO ID:WFBEHPS001 CCD
16,165,15000,Z,88007203448,000000000000/
88,HRTLAND PMT SYS  DES:TXNS/FEES  ID:650000006872900          
88,INDN:GALES FERRY PEDIATRIC   CO ID:WFBEHPS001 CCD
16,165,15000,Z,88007203465,000000000000/
88,HRTLAND PMT SYS  DES:TXNS/FEES  ID:650000006832706          
88,INDN:CT MEDICAL GROUP        CO ID:WFBEHPS001 CCD
16,165,15000,Z,88007203489,000000000000/
88,HRTLAND PMT SYS  DES:TXNS/FEES  ID:650000006178043          
88,INDN:NORTHEAST MEDICAL GROU  CO ID:WFBEHPS001 CCD
16,165,13500,Z,88007203429,000000000000/
88,HRTLAND PMT SYS  DES:TXNS/FEES  ID:650000009688253          
88,INDN:NEMG 35 Wells St        CO ID:WFBEHPS001 CCD
16,165,13000,Z,88007203401,000000000000/
88,HRTLAND PMT SYS  DES:TXNS/FEES  ID:650000009688014          
88,INDN:NEMG NIANTIC            CO ID:WFBEHPS001 CCD
16,165,13000,Z,88007203430,000000000000/
88,HRTLAND PMT SYS  DES:TXNS/FEES  ID:650000009688147          
88,INDN:NEMG DEVINE STREET      CO ID:WFBEHPS001 CCD
16,165,13000,Z,88007203881,000000000000/
88,HRTLAND PMT SYS  DES:TXNS/FEES  ID:650000005017598          
88,INDN:NEMG                    CO ID:WFBEHPS001 CCD
16,165,12500,Z,88007203868,000000000000/
88,HRTLAND PMT SYS  DES:TXNS/FEES  ID:650000005108470          
88,INDN:NEMG FAMILY MULTISPECI  CO ID:WFBEHPS001 CCD
16,165,12000,Z,88007203419,000000000000/
88,HRTLAND PMT SYS  DES:TXNS/FEES  ID:650000010342866          
88,INDN:NEMG BRANFORD INTERNAL  CO ID:WFBEHPS001 CCD
16,165,12000,Z,88007203454,000000000000/
88,HRTLAND PMT SYS  DES:TXNS/FEES  ID:650000010186651          
88,INDN:NEMG 5520 PARK AVE      CO ID:WFBEHPS001 CCD
16,165,12000,Z,88007203855,000000000000/
88,HRTLAND PMT SYS  DES:TXNS/FEES  ID:650000005131985          
88,INDN:CARDIAC SPECIALISTS     CO ID:WFBEHPS001 CCD
16,165,12000,Z,88007203906,000000000000/
88,HRTLAND PMT SYS  DES:TXNS/FEES  ID:650000004919877          
88,INDN:DR ANDREW KENLER        CO ID:WFBEHPS001 CCD
16,165,10517,Z,88007203501,000000000000/
88,HRTLAND PMT SYS  DES:TXNS/FEES  ID:650000009686018          
88,INDN:NEMG GROTON             CO ID:WFBEHPS001 CCD
16,165,10500,Z,88002047769,000000000000/
88,BANK OF AMERICA  DES:DEPOSIT    ID:313776218882             
88,INDN:NEMG MIDWIFERY OBGYN    CO ID:0941687665 CCD
16,165,10500,Z,88007203404,000000000000/
88,HRTLAND PMT SYS  DES:TXNS/FEES  ID:650000007858189          
88,INDN:NORTHEAST MEDICAL GROU  CO ID:WFBEHPS001 CCD
16,165,10500,Z,88007203423,000000000000/
88,HRTLAND PMT SYS  DES:TXNS/FEES  ID:650000009688147          
88,INDN:NEMG DEVINE STREET      CO ID:WFBEHPS001 CCD
16,165,10500,Z,88007203471,000000000000/
88,HRTLAND PMT SYS  DES:TXNS/FEES  ID:650000009688022          
88,INDN:NEMG WESTERLY PRIMARY   CO ID:WFBEHPS001 CCD
16,165,9500,Z,88007203413,000000000000/
88,HRTLAND PMT SYS  DES:TXNS/FEES  ID:650000006832623          
88,INDN:CT MEDICAL GROUP        CO ID:WFBEHPS001 CCD
16,165,9000,Z,88002047943,000000000000/
88,BANK OF AMERICA  DES:DEPOSIT    ID:313779154886             
88,INDN:NORTHEAST MED GRP POS   CO ID:0941687665 CCD
16,165,9000,Z,88007203394,000000000000/
88,HRTLAND PMT SYS  DES:TXNS/FEES  ID:650000005573954          
88,INDN:SOUTHERN CT INTERNAL M  CO ID:WFBEHPS001 CCD
16,165,9000,Z,88007203396,000000000000/
88,HRTLAND PMT SYS  DES:TXNS/FEES  ID:650000007048799          
88,INDN:NEMG GASTRO ASSOC       CO ID:WFBEHPS001 CCD
16,165,8000,Z,88007203913,000000000000/
88,HRTLAND PMT SYS  DES:TXNS/FEES  ID:650000005131779          
88,INDN:CARDIAC SPECIALISTS     CO ID:WFBEHPS001 CCD
16,165,7000,Z,88002047766,000000000000/
88,BANK OF AMERICA  DES:DEPOSIT    ID:313776214881             
88,INDN:NEMG AT SACRED HEART U  CO ID:0941687665 CCD
16,165,6500,Z,88002047768,000000000000/
88,BANK OF AMERICA  DES:DEPOSIT    ID:313776217884             
88,INDN:NEMG SLEEP STAMFORD     CO ID:0941687665 CCD
16,165,5000,Z,88007203425,000000000000/
88,HRTLAND PMT SYS  DES:TXNS/FEES  ID:650000007233672          
88,INDN:NEMG INTERNAL MEDICINE  CO ID:WFBEHPS001 CCD
16,165,5000,Z,88007203433,000000000000/
88,HRTLAND PMT SYS  DES:TXNS/FEES  ID:650000005535144          
88,INDN:RICHARD L DANEHOWER MD  CO ID:WFBEHPS001 CCD
16,165,4500,Z,88002047562,000000000000/
88,BANK OF AMERICA  DES:DEPOSIT    ID:313773833881             
88,INDN:NEMG PULMONARY NEW LON  CO ID:0941687665 CCD
16,165,4500,Z,88007203389,000000000000/
88,HRTLAND PMT SYS  DES:TXNS/FEES  ID:650000006048691          
88,INDN:NEMG INTERNAL MEDICINE  CO ID:WFBEHPS001 CCD
16,165,4500,Z,88007203397,000000000000/
88,HRTLAND PMT SYS  DES:TXNS/FEES  ID:650000009688147          
88,INDN:NEMG DEVINE STREET      CO ID:WFBEHPS001 CCD
16,165,4500,Z,88007203479,000000000000/
88,HRTLAND PMT SYS  DES:TXNS/FEES  ID:650000009687990          
88,INDN:NEMG MOB                CO ID:WFBEHPS001 CCD
16,165,4000,Z,88007203421,000000000000/
88,HRTLAND PMT SYS  DES:TXNS/FEES  ID:650000009620249          
88,INDN:NEMG NORWICH            CO ID:WFBEHPS001 CCD
16,165,4000,Z,88007203867,000000000000/
88,HRTLAND PMT SYS  DES:TXNS/FEES  ID:650000005108470          
88,INDN:NEMG FAMILY MULTISPECI  CO ID:WFBEHPS001 CCD
16,165,3500,Z,88007203461,000000000000/
88,HRTLAND PMT SYS  DES:TXNS/FEES  ID:650000006832862          
88,INDN:CT MEDICAL GROUP        CO ID:WFBEHPS001 CCD
16,165,3500,Z,88007203498,000000000000/
88,HRTLAND PMT SYS  DES:TXNS/FEES  ID:650000009688196          
88,INDN:NEMG OLD LYME           CO ID:WFBEHPS001 CCD
16,165,3000,Z,88007203399,000000000000/
88,HRTLAND PMT SYS  DES:TXNS/FEES  ID:650000009687552          
88,INDN:NEMG MYSTIC             CO ID:WFBEHPS001 CCD
16,165,2500,Z,88007203447,000000000000/
88,HRTLAND PMT SYS  DES:TXNS/FEES  ID:650000006832383          
88,INDN:CT MEDICAL GROUP        CO ID:WFBEHPS001 CCD
16,165,2500,Z,88007203470,000000000000/
88,HRTLAND PMT SYS  DES:TXNS/FEES  ID:650000009970289          
88,INDN:NEMG WESTERLY PRIMARY   CO ID:WFBEHPS001 CCD
16,165,2000,Z,88007203398,000000000000/
88,HRTLAND PMT SYS  DES:TXNS/FEES  ID:650000009688147          
88,INDN:NEMG DEVINE STREET      CO ID:WFBEHPS001 CCD
16,165,2000,Z,88002047563,000000000000/
88,BANK OF AMERICA  DES:DEPOSIT    ID:313773835886             
88,INDN:NEMG OBGYN NEW ROCHELL  CO ID:0941687665 CCD
16,165,1500,Z,88007203390,000000000000/
88,HRTLAND PMT SYS  DES:TXNS/FEES  ID:650000007233672          
88,INDN:NEMG INTERNAL MEDICINE  CO ID:WFBEHPS001 CCD
16,165,1500,Z,88007203439,000000000000/
88,HRTLAND PMT SYS  DES:TXNS/FEES  ID:650000006872991          
88,INDN:GALES FERRY PEDIATRIC   CO ID:WFBEHPS001 CCD
16,165,1500,Z,88007203490,000000000000/
88,HRTLAND PMT SYS  DES:TXNS/FEES  ID:650000006832805          
88,INDN:CT MEDICAL GROUP        CO ID:WFBEHPS001 CCD
16,165,1000,Z,88007203426,000000000000/
88,HRTLAND PMT SYS  DES:TXNS/FEES  ID:650000010342866          
88,INDN:NEMG BRANFORD INTERNAL  CO ID:WFBEHPS001 CCD
16,165,1000,Z,88007203462,000000000000/
88,HRTLAND PMT SYS  DES:TXNS/FEES  ID:650000006832698          
88,INDN:CT MEDICAL GROUP        CO ID:WFBEHPS001 CCD
16,165,1000,Z,88007203854,000000000000/
88,HRTLAND PMT SYS  DES:TXNS/FEES  ID:650000004919976          
88,INDN:NEMG GERIATRICS         CO ID:WFBEHPS001 CCD
16,166,504547,Z,88001497091,000000000000/
88,Northeast Medica  DES:TC ACH      FL# 24088000044           
88,INDN:SETT-BATCH 3061330992  CO ID:3061330992 CCD            
88,BATCH DESC:9844
16,455,750,Z,87018265767,000000000000/
88,NPDB QUERY       DES:FEE        ID:0000                     
88,INDN:NORTHEAST MEDICAL GROU  CO ID:7503003001 CCD           
88,PMT INFO:N106805226
49,12865383,244/
03,385006934646,USD/
16,165,246400,Z,87013532900,000000000000/
88,UNITEDHEALTHCARE DES:HCCLAIMPMT ID:900110459                
88,INDN:SHORELINE ENDO CENTER   CO ID:1411289245 CCD           
88,PMT INFO:TRN*1*1TZ75787688*1411289245*000087726-
16,165,94152,Z,87013533590,000000000000/
88,UnitedHealthcare DES:HCCLAIMPMT ID:900110459                
88,INDN:SHORELINE ENDO CENTER   CO ID:1111187726 CCD           
88,PMT INFO:TRN*1*Q6138070*1411289245*000087726-
16,165,93500,Z,88007048481,000000000000/
88,ECHO-EMBLEMHEALT DES:HCCLAIMPMT ID:900110459                
88,INDN:SHORELINE SURGICAL CEN  CO ID:2326137891 CCD           
88,PMT INFO:TRN*1*1130773660*1341858379-
16,165,72676,Z,86007045234,000000000000/
88,AETNA AS01       DES:HCCLAIMPMT ID:1073621579               
88,INDN:Shoreline Surgical Cen  CO ID:3066033492 CCD           
88,PMT INFO:TRN*1*882408301073838*1066033492-
16,165,48037,Z,87013527551,000000000000/
88,AARP Supplementa DES:HCCLAIMPMT ID:900110459                
88,INDN:SHORELINE ENDO CENTER   CO ID:1362739571 CCD           
88,PMT INFO:TRN*1*91045240350*1362739571*000036273-
16,165,38573,Z,86013903988,000000000000/
88,NGS  INC.        DES:HCCLAIMPMT ID:1073621579               
88,INDN:SHORELINE ENDOSCOPY CE  CO ID:A351840597 CCD           
88,PMT INFO:TRN*1*812312000*1351840597~
16,165,16566,Z,87013527227,000000000000/
88,UnitedHealthcare DES:HCCLAIMPMT ID:900110459                
88,INDN:SHORELINE ENDO CENTER   CO ID:1713627395 CCD           
88,PMT INFO:TRN*1*26634653*1411289245*000087726-
16,165,4910,Z,88007048479,000000000000/
88,ECHO-EMBLEMHEALT DES:HCCLAIMPMT ID:900110459                
88,INDN:SHORELINE SURGICAL CEN  CO ID:2326137891 CCD           
88,PMT INFO:TRN*1*1130773659*1341858379-
49,614814,34/
03,385006937151,USD/
16,165,1515083,Z,88001941552,000000000000/
88,BANK OF AMERICA  DES:DEPOSIT    ID:345835624882             
88,INDN:GREENWICH HOSPITAL      CO ID:941687665B CCD
49,1515083,5/
03,385015843883,USD/
16,164,3102,Z,87007846170,000000000000/
88,STATE OF CT      DES:VENDOR ACH ID:57437888                 
88,INDN:NORTHEAST MEDICA        CO ID:5066000798 CTX           
88,ADDITIONAL INFORMATION IS AVAILABLE FOR THIS PMT.           
88,CONTACT A TREASURY SALES OFFICER FOR ASSISTANCE.
16,165,14850579,Z,87013534967,000000000000/
88,UnitedHealthcare DES:HCCLAIMPMT ID:061330992                
88,INDN:NORTHEAST MEDICAL GROU  CO ID:1111187726 CCD           
88,PMT INFO:TRN*1*Q6082446*1411289245*000087726-
16,165,13049887,Z,86013902835,000000000000/
88,NGS  INC.        DES:HCCLAIMPMT ID:1043278351               
88,INDN:NORTHEAST MEDICAL GROU  CO ID:A351840597 CCD           
88,PMT INFO:TRN*1*812311449*1351840597~
16,165,8326705,Z,87013535047,000000000000/
88,UnitedHealthcare DES:HCCLAIMPMT ID:061330992                
88,INDN:NORTHEAST MEDICAL GROU  CO ID:1111187726 CCD           
88,PMT INFO:TRN*1*C2934392*1411289245*000087726-
16,165,5608992,Z,86007009286,000000000000/
88,AETNA AS01       DES:HCCLAIMPMT ID:1043278351               
88,INDN:Northeast Medical Grou  CO ID:3066033492 CCD           
88,PMT INFO:TRN*1*882408301000068*1066033492-
16,165,3770512,Z,87003153150,000000000000/
88,ANTHEM BLUE CT5C DES:HCCLAIMPMT ID:3236884405               
88,INDN:NORTHEAST MEDICAL GROU  CO ID:3061475928 CCD           
88,PMT INFO:TRN*1*3236884405*1061475928-
16,165,3302811,Z,88007049121,000000000000/
88,ECHO-EMBLEMHEALT DES:HCCLAIMPMT ID:061330992                
88,INDN:NORTHEAST MEDICAL GROU  CO ID:2326137891 CCD           
88,PMT INFO:TRN*1*1130739520*1341858379-
16,165,3130321,Z,87013531279,000000000000/
88,UNITEDHEALTHCARE DES:HCCLAIMPMT ID:061330992                
88,INDN:NORTHEAST MEDICAL GROU  CO ID:1411289245 CCD           
88,PMT INFO:TRN*1*9TZ75817736*1411289245*000087726-
16,165,2148013,Z,86006773976,000000000000/
88,AETNA AS01       DES:HCCLAIMPMT ID:1043278351               
88,INDN:NORTHEAST MEDICAL GROU  CO ID:1066033492 CCD           
88,PMT INFO:TRN*1*824085000211939*1066033492-
16,165,1759763,Z,87013528793,000000000000/
88,AARP Supplementa DES:HCCLAIMPMT ID:061330992                
88,INDN:NORTHEAST MEDICAL GROU  CO ID:1362739571 CCD           
88,PMT INFO:TRN*1*91045217570*1362739571*000036273-
16,165,1235864,Z,86021987540,000000000000/
88,OXFORD HEALTH IN DES:HCCLAIMPMT ID:061330992                
88,INDN:NORTHEAST MEDICAL GROU  CO ID:2222797560 CCD           
88,PMT INFO:TRN*1*26603156*1061118515*000006111-
16,165,1216383,Z,87003153387,000000000000/
88,ANTHEM BLUE CT5F DES:HCCLAIMPMT ID:3236884401               
88,INDN:NORTHEAST MEDICAL GROU  CO ID:2061475928 CCD           
88,PMT INFO:TRN*1*3236884401*1061475928-
16,165,1111702,Z,87013526185,000000000000/
88,UNITED BEHAVIORA DES:HCCLAIMPMT ID:061330992                
88,INDN:NORTHEAST MEDICAL GROU  CO ID:1805600008 CCD           
88,PMT INFO:TRN*1*C5617609*1411289245*000087726-
16,165,1071744,Z,88007049147,000000000000/
88,ECHO-EMBLEMHEALT DES:HCCLAIMPMT ID:061330992                
88,INDN:NORTHEAST MEDICAL GROU  CO ID:2326137891 CCD           
88,PMT INFO:TRN*1*1130739509*1341858379-
16,165,630250,Z,86013903830,000000000000/
88,NGS  INC.        DES:HCCLAIMPMT ID:1043278351               
88,INDN:NORTHEAST MEDICAL GROU  CO ID:P351840597 CCD           
88,PMT INFO:TRN*1*881900800*1351840597~
16,165,567901,Z,88007049137,000000000000/
88,ECHO-EMBLEMHEALT DES:HCCLAIMPMT ID:061330992                
88,INDN:NORTHEAST MEDICAL GROU  CO ID:2326137891 CCD           
88,PMT INFO:TRN*1*1130739519*1341858379-
16,165,473639,Z,87013527365,000000000000/
88,UnitedHealthcare DES:HCCLAIMPMT ID:061330992                
88,INDN:NORTHEAST MEDICAL GROU  CO ID:1713627395 CCD           
88,PMT INFO:TRN*1*26639226*1411289245*000087726-
16,165,470099,Z,86012441565,000000000000/
88,AETNA A04        DES:HCCLAIMPMT ID:1043278351               
88,INDN:NORTHEAST MEDICAL GROU  CO ID:1066033492 CCD           
88,PMT INFO:TRN*1*824085000211843*1066033492-
16,165,420078,Z,87013525638,000000000000/
88,Oxford Health Pl DES:HCCLAIMPMT ID:061330992                
88,INDN:NORTHEAST MEDICAL GROU  CO ID:1152244375 CCD           
88,PMT INFO:TRN*1*26596908*1522443751*000006111-
16,165,410280,Z,88007049173,000000000000/
88,ECHO-EMBLEMHEALT DES:HCCLAIMPMT ID:061330992                
88,INDN:NORTHEAST MEDICAL GROU  CO ID:2326137891 CCD           
88,PMT INFO:TRN*1*1130739518*1341858379-
16,165,341638,Z,88007049175,000000000000/
88,ECHO-EMBLEMHEALT DES:HCCLAIMPMT ID:061330992                
88,INDN:NORTHEAST MEDICAL GROU  CO ID:2326137891 CCD           
88,PMT INFO:TRN*1*1130739521*1341858379-
16,165,269319,Z,87012538914,000000000000/
88,WELLCARE HEALTH  DES:HCCLAIMPMT ID:100023929953000          
88,INDN:NORTHEAST MEDICAL GROU  CO ID:9023564003 CCD           
88,PMT INFO:TRN*1*1000239299*1832126269-
16,165,265154,Z,87013525464,000000000000/
88,UnitedHealthcare DES:HCCLAIMPMT ID:061330992                
88,INDN:NORTHEAST MEDICAL GROU  CO ID:1780000000 CCD           
88,PMT INFO:TRN*1*UH8820000061915100887832*139199527           
88,6*0000UMR01-
16,165,246139,Z,87012538931,000000000000/
88,WELLCARECTCARE   DES:HCCLAIMPMT ID:100121216053000          
88,INDN:NORTHEAST MEDICAL GROU  CO ID:9038135150 CCD           
88,PMT INFO:TRN*1*1001212160*1061405640-
16,165,223895,Z,87013525466,000000000000/
88,UnitedHealthcare DES:HCCLAIMPMT ID:061330992                
88,INDN:NORTHEAST MEDICAL GROU  CO ID:1780000000 CCD           
88,PMT INFO:TRN*1*UH48700000619166307181*1391995276*           
88,0000UMR01-
16,165,200065,Z,87018229039,000000000000/
88,STUDENT RESOURCE DES:HCCLAIMPMT ID:061330992                
88,INDN:NORTHEAST MEDICAL GROU  CO ID:1742270442 CCD           
88,PMT INFO:TRN*1*9021004168*1742270442*000087726-
16,165,193734,Z,87013535123,000000000000/
88,UnitedHealthcare DES:HCCLAIMPMT ID:061330992                
88,INDN:NORTHEAST MEDICAL GROU  CO ID:1111187726 CCD           
88,PMT INFO:TRN*1*C2937870*1411289245*000087726-
16,165,191719,Z,87003152030,000000000000/
88,HUMANA GOVT BUSI DES:HCCLAIMPMT ID:2232504571               
88,INDN:NORTHEAST MEDICAL GROU  CO ID:2610647538 CCD           
88,PMT INFO:TRN*1*2232504571*1611241225*WPSEAST  -
16,165,168921,Z,88007049145,000000000000/
88,ECHO-EMBLEMHEALT DES:HCCLAIMPMT ID:061330992                
88,INDN:NORTHEAST MEDICAL GROU  CO ID:2326137891 CCD           
88,PMT INFO:TRN*1*1130739506*1341858379-
16,165,162536,Z,88007049119,000000000000/
88,ECHO-EMBLEMHEALT DES:HCCLAIMPMT ID:061330992                
88,INDN:NORTHEAST MEDICAL GROU  CO ID:2326137891 CCD           
88,PMT INFO:TRN*1*1130739517*1341858379-
16,165,154769,Z,87013535205,000000000000/
88,UnitedHealthcare DES:HCCLAIMPMT ID:061330992                
88,INDN:NORTHEAST MEDICAL GROU  CO ID:1111187726 CCD           
88,PMT INFO:TRN*1*C6771013*1411289245*000087726-
16,165,148063,Z,88007049171,000000000000/
88,ECHO-EMBLEMHEALT DES:HCCLAIMPMT ID:061330992                
88,INDN:NORTHEAST MEDICAL GROU  CO ID:2326137891 CCD           
88,PMT INFO:TRN*1*1130739511*1341858379-
16,165,141891,Z,87013527130,000000000000/
88,UnitedHealthcare DES:HCCLAIMPMT ID:061330992                
88,INDN:NORTHEAST MEDICAL GROU  CO ID:1111411289 CCD           
88,PMT INFO:TRN*1*26617276*4112892425*000087726-
16,165,133333,Z,87012518315,000000000000/
88,WPS-TMEP CONTRAC DES:HCCLAIMPMT ID:2503513121               
88,INDN:NORTHEAST MEDICAL GROU  CO ID:9387331000 CCD           
88,PMT INFO:TRN*1*2503513121*1391268299*WPSTDEFIC-
16,165,130141,Z,87021406815,000000000000/
88,ZP  SANDSH115    DES:HCCLAIMPMT ID:061330992                
88,INDN:NORTHEAST MEDICAL GROU  CO ID:7306458084 CCD           
88,PMT INFO:TRN*1*470284321*1311418743-
16,165,127878,Z,87003153154,000000000000/
88,ANTHEM BLUE CT5C DES:HCCLAIMPMT ID:3236884406               
88,INDN:NORTHEAST MEDICAL GROU  CO ID:3061475928 CCD           
88,PMT INFO:TRN*1*3236884406*1061475928-
16,165,126729,Z,87021406705,000000000000/
88,ZP  Centivo245   DES:HCCLAIMPMT ID:061330992                
88,INDN:NORTHEAST MEDICAL GROU  CO ID:6452579291 CCD           
88,PMT INFO:TRN*1*469211173*1301095511-
16,165,122145,Z,86021987506,000000000000/
88,OXFORD HEA PL CT DES:HCCLAIMPMT ID:061330992                
88,INDN:NORTHEAST MEDICAL GROU  CO ID:2061181201 CCD           
88,PMT INFO:TRN*1*26595697*1061118515*000006111-
16,165,115470,Z,87003153385,000000000000/
88,ANTHEM BLUE CT5F DES:HCCLAIMPMT ID:3236884402               
88,INDN:NORTHEAST MEDICAL GROU  CO ID:2061475928 CCD           
88,PMT INFO:TRN*1*3236884402*1061475928-
16,165,114713,Z,87018229307,000000000000/
88,Optum VA CCN Reg DES:HCCLAIMPMT ID:061330992                
88,INDN:NORTHEAST MEDICAL GROU  CO ID:1120458126 CCD           
88,PMT INFO:TRN*1*7004249796*1204581265*0000VACCN-
16,165,114428,Z,88007049131,000000000000/
88,ECHO-EMBLEMHEALT DES:HCCLAIMPMT ID:061330992                
88,INDN:NORTHEAST MEDICAL GROU  CO ID:2326137891 CCD           
88,PMT INFO:TRN*1*1130739510*1341858379-
16,165,109870,Z,87021406722,000000000000/
88,ZP  Aither278    DES:HCCLAIMPMT ID:061330992                
88,INDN:NORTHEAST MEDICAL GROU  CO ID:6452579291 CCD           
88,PMT INFO:TRN*1*470032009*1842273042-
16,165,107670,Z,87021406724,000000000000/
88,ZP  Aither278    DES:HCCLAIMPMT ID:061330992                
88,INDN:NORTHEAST MEDICAL GROU  CO ID:6452579291 CCD           
88,PMT INFO:TRN*1*470032173*1842273042-
16,165,103611,Z,87013525472,000000000000/
88,UnitedHealthcare DES:HCCLAIMPMT ID:061330992                
88,INDN:NORTHEAST MEDICAL GROU  CO ID:1780000000 CCD           
88,PMT INFO:TRN*1*UH48600000619172018450*1391995276*           
88,0000UMR01-
16,165,102200,Z,87021406720,000000000000/
88,ZP  Aither278    DES:HCCLAIMPMT ID:061330992                
88,INDN:NORTHEAST MEDICAL GROU  CO ID:6452579291 CCD           
88,PMT INFO:TRN*1*470032899*1842273042-
16,165,100473,Z,88007049127,000000000000/
88,ECHO-EMBLEMHEALT DES:HCCLAIMPMT ID:061330992                
88,INDN:NORTHEAST MEDICAL GROU  CO ID:2326137891 CCD           
88,PMT INFO:TRN*1*1130739533*1341858379-
16,165,87940,Z,87012538935,000000000000/
88,WELLCARECTCARE   DES:HCCLAIMPMT ID:100121216253000          
88,INDN:NORTHEAST MEDICAL GROU  CO ID:9038135150 CCD           
88,PMT INFO:TRN*1*1001212162*1061405640-
16,165,84551,Z,87003153146,000000000000/
88,ANTHEM BLUE CT5C DES:HCCLAIMPMT ID:3236884408               
88,INDN:NORTHEAST MEDICAL GROU  CO ID:3061475928 CCD           
88,PMT INFO:TRN*1*3236884408*1061475928-
16,165,84138,Z,87021406713,000000000000/
88,ZP  STIRLINGB111 DES:HCCLAIMPMT ID:061330992                
88,INDN:NORTHEAST MEDICAL GROU  CO ID:6452579291 CCD           
88,PMT INFO:TRN*1*469253164*1060892635-
16,165,83790,Z,87021406811,000000000000/
88,ZP  SANDSH115    DES:HCCLAIMPMT ID:061330992                
88,INDN:NORTHEAST MEDICAL GROU  CO ID:7306458084 CCD           
88,PMT INFO:TRN*1*470284459*1311418743-
16,165,81460,Z,87003471517,000000000000/
88,HUMANA INS CO    DES:HCCLAIMPMT ID:44381580                 
88,INDN:ZIELONKA JANA MD        CO ID:1391263473 CCD           
88,PMT INFO:TRN*1*129309570240326*1391263473-
16,165,73808,Z,87013525468,000000000000/
88,UnitedHealthcare DES:HCCLAIMPMT ID:061330992                
88,INDN:NORTHEAST MEDICAL GROU  CO ID:1780000000 CCD           
88,PMT INFO:TRN*1*UH48700001048096308940*1391995276*           
88,0000UMR01-
16,165,68795,Z,88007049169,000000000000/
88,ECHO-EMBLEMHEALT DES:HCCLAIMPMT ID:061330992                
88,INDN:NORTHEAST MEDICAL GROU  CO ID:2326137891 CCD           
88,PMT INFO:TRN*1*1130739508*1341858379-
16,165,65680,Z,87018227235,000000000000/
88,Takeda Pharm CoP DES:ACH PAYMTS ID:T1P0447268               
88,INDN:Nemg/rheumatology       CO ID:J203058721 CCD
16,165,62984,Z,87012538916,000000000000/
88,WELLCARE HEALTH  DES:HCCLAIMPMT ID:100023930153000          
88,INDN:NORTHEAST MEDICAL GROU  CO ID:9023564003 CCD           
88,PMT INFO:TRN*1*1000239301*1832126269-
16,165,61953,Z,88007049149,000000000000/
88,ECHO-EMBLEMHEALT DES:HCCLAIMPMT ID:061330992                
88,INDN:NORTHEAST MEDICAL GROU  CO ID:2326137891 CCD           
88,PMT INFO:TRN*1*1130739512*1341858379-
16,165,58839,Z,87013525470,000000000000/
88,UnitedHealthcare DES:HCCLAIMPMT ID:061330992                
88,INDN:NORTHEAST MEDICAL GROU  CO ID:1780000000 CCD           
88,PMT INFO:TRN*1*UH56000000619187072814*1391995276*           
88,0000UMR01-
16,165,57688,Z,88007049153,000000000000/
88,ECHO-EMBLEMHEALT DES:HCCLAIMPMT ID:061330992                
88,INDN:NORTHEAST MEDICAL GROU  CO ID:2326137891 CCD           
88,PMT INFO:TRN*1*1130739522*1341858379-
16,165,56119,Z,87021691667,000000000000/
88,NALC HOSPITAL    DES:HCCLAIMPMT ID:321650840001757          
88,INDN:NORTHEAST MEDICAL GROU  CO ID:6541875242 CCD           
88,PMT INFO:TRN*1*321650840001757*1530114650~
16,165,54503,Z,87015854313,000000000000/
88,MAGNACARE600000  DES:CLAIM PAY  ID:04635858                 
88,INDN:NORTHEAST MEDICAL GROU  CO ID:1113410766 CCD           
88,PMT INFO:TRN*1*70369591*1113410766-
16,165,54301,Z,88007049139,000000000000/
88,ECHO-EMBLEMHEALT DES:HCCLAIMPMT ID:061330992                
88,INDN:NORTHEAST MEDICAL GROU  CO ID:2326137891 CCD           
88,PMT INFO:TRN*1*1130739526*1341858379-
16,165,53363,Z,88006812905,000000000000/
88,ECHO-Merchants B DES:HCCLAIMPMT ID:061330992                
88,INDN:Northeast Medical Grou  CO ID:1341858386 CCD           
88,PMT INFO:TRN*1*1130354492*1341858379-
16,165,51965,Z,87018229488,000000000000/
88,UHC Benefits Pla DES:HCCLAIMPMT ID:061330992                
88,INDN:NORTHEAST MEDICAL GROU  CO ID:1473221444 CCD           
88,PMT INFO:TRN*1*1SW14556113*1473221444*000087726-
16,165,50964,Z,87015854326,000000000000/
88,MAGNACARE701021  DES:CLAIM PAY  ID:04635858                 
88,INDN:NORTHEAST MEDICAL GROU  CO ID:1113410766 CCD           
88,PMT INFO:TRN*1*71132963*1113410766-
16,165,50072,Z,88007049115,000000000000/
88,ECHO-EMBLEMHEALT DES:HCCLAIMPMT ID:061330992                
88,INDN:NORTHEAST MEDICAL GROU  CO ID:2326137891 CCD           
88,PMT INFO:TRN*1*1130739507*1341858379-
16,165,49942,Z,87021406813,000000000000/
88,ZP  SANDSH115    DES:HCCLAIMPMT ID:061330992                
88,INDN:NORTHEAST MEDICAL GROU  CO ID:7306458084 CCD           
88,PMT INFO:TRN*1*470284314*1311418743-
16,165,45843,Z,88007049179,000000000000/
88,ECHO-EMBLEMHEALT DES:HCCLAIMPMT ID:061330992                
88,INDN:NORTHEAST MEDICAL GROU  CO ID:2326137891 CCD           
88,PMT INFO:TRN*1*1130739527*1341858379-
16,165,43454,Z,87003152032,000000000000/
88,HUMANA GOVT BUSI DES:HCCLAIMPMT ID:2232504572               
88,INDN:NORTHEAST MEDICAL GROU  CO ID:2610647538 CCD           
88,PMT INFO:TRN*1*2232504572*1611241225*WPSEAST  -
16,165,43239,Z,88007049123,000000000000/
88,ECHO-EMBLEMHEALT DES:HCCLAIMPMT ID:061330992                
88,INDN:NORTHEAST MEDICAL GROU  CO ID:2326137891 CCD           
88,PMT INFO:TRN*1*1130739523*1341858379-
16,165,41884,Z,88007049151,000000000000/
88,ECHO-EMBLEMHEALT DES:HCCLAIMPMT ID:061330992                
88,INDN:NORTHEAST MEDICAL GROU  CO ID:2326137891 CCD           
88,PMT INFO:TRN*1*1130739515*1341858379-
16,165,41035,Z,87003491787,000000000000/
88,HIC NY           DES:HCCLAIMPMT ID:44393920                 
88,INDN:ZIELONKA JANA MD        CO ID:1202888723 CCD           
88,PMT INFO:TRN*1*129309568240326*1202888723-
16,165,39939,Z,87021406715,000000000000/
88,ZP  STIRLINGB111 DES:HCCLAIMPMT ID:061330992                
88,INDN:NORTHEAST MEDICAL GROU  CO ID:6452579291 CCD           
88,PMT INFO:TRN*1*469253354*1060892635-
16,165,38521,Z,87003153383,000000000000/
88,ANTHEM BLUE CT5F DES:HCCLAIMPMT ID:3236884403               
88,INDN:NORTH EAST MEDICAL GRO  CO ID:2061475928 CCD           
88,PMT INFO:TRN*1*3236884403*1061475928-
16,165,38397,Z,87013526017,000000000000/
88,UMR              DES:HCCLAIMPMT ID:061330992                
88,INDN:NORTHEAST MEDICAL GROU  CO ID:1999999100 CCD           
88,PMT INFO:TRN*1*CJ76020093250494080848944*13919952           
88,76*0000UMR01-
16,165,37823,Z,88007049135,000000000000/
88,ECHO-EMBLEMHEALT DES:HCCLAIMPMT ID:061330992                
88,INDN:NORTHEAST MEDICAL GROU  CO ID:2326137891 CCD           
88,PMT INFO:TRN*1*1130739516*1341858379-
16,165,37188,Z,87003152026,000000000000/
88,HUMANA GOVT BUSI DES:HCCLAIMPMT ID:2232504569               
88,INDN:NORTHEAST MEDICAL GROU  CO ID:2610647538 CCD           
88,PMT INFO:TRN*1*2232504569*1611241225*WPSEAST  -
16,165,35816,Z,87021406700,000000000000/
88,ZP  HPI025       DES:HCCLAIMPMT ID:061330992                
88,INDN:NORTHEAST MEDICAL GROU  CO ID:6452579291 CCD           
88,PMT INFO:TRN*1*469742694*1042734278-
16,165,35044,Z,88006812912,000000000000/
88,ECHO-Meritain He DES:HCCLAIMPMT ID:061330992                
88,INDN:Northeast Medical Grou  CO ID:1341858386 CCD           
88,PMT INFO:TRN*1*1130354490*1341858379-
16,165,34737,Z,88007049183,000000000000/
88,ECHO-EMBLEMHEALT DES:HCCLAIMPMT ID:061330992                
88,INDN:NORTHEAST MEDICAL GROU  CO ID:2326137891 CCD           
88,PMT INFO:TRN*1*1130739534*1341858379-
16,165,34038,Z,88007049181,000000000000/
88,ECHO-EMBLEMHEALT DES:HCCLAIMPMT ID:061330992                
88,INDN:NORTHEAST MEDICAL GROU  CO ID:2326137891 CCD           
88,PMT INFO:TRN*1*1130739531*1341858379-
16,165,32448,Z,87013531267,000000000000/
88,UNITEDHEALTHCARE DES:HCCLAIMPMT ID:061330992                
88,INDN:NORTHEAST MEDICAL GROU  CO ID:1411289245 CCD           
88,PMT INFO:TRN*1*1TZ75756749*1411289245*000087726-
16,165,29002,Z,87003152048,000000000000/
88,HUMANA GOVT BUSI DES:HCCLAIMPMT ID:2232504580               
88,INDN:NORTHEAST MEDICAL GROU  CO ID:2610647538 CCD           
88,PMT INFO:TRN*1*2232504580*1611241225*WPSEAST  -
16,165,27712,Z,87021406717,000000000000/
88,ZP  STIRLINGB111 DES:HCCLAIMPMT ID:061330992                
88,INDN:NORTHEAST MEDICAL GROU  CO ID:6452579291 CCD           
88,PMT INFO:TRN*1*469253591*1060892635-
16,165,27379,Z,87012538933,000000000000/
88,WELLCARECTCARE   DES:HCCLAIMPMT ID:100121216153000          
88,INDN:NORTHEAST MEDICAL GROU  CO ID:9038135150 CCD           
88,PMT INFO:TRN*1*1001212161*1061405640-
16,165,27222,Z,86007075594,000000000000/
88,AETNA AS01       DES:HCCLAIMPMT ID:1043278351               
88,INDN:Northeast Medical Grou  CO ID:3066033492 CCD           
88,PMT INFO:TRN*1*882408301009022*1066033492-
16,165,26120,Z,86006818040,000000000000/
88,AETNA AS01       DES:HCCLAIMPMT ID:1043278351               
88,INDN:NORTHEAST MEDICAL GROU  CO ID:1066033492 CCD           
88,PMT INFO:TRN*1*824085000211815*1066033492-
16,165,25946,Z,87013526021,000000000000/
88,UMR              DES:HCCLAIMPMT ID:061330992                
88,INDN:NORTHEAST MEDICAL GROU  CO ID:1999999100 CCD           
88,PMT INFO:TRN*1*CC20020092684684080792363*13919952           
88,76*0000UMR01-
16,165,25181,Z,87010999272,000000000000/
88,VPAY E031423654  DES:HCCLAIMPMT ID:061330992                
88,INDN:NORTH EAST MEDICAL GRO  CO ID:752405220  CCD           
88,PMT INFO:TRN*1*87574556*1522383166-
16,165,24622,Z,87003152036,000000000000/
88,HUMANA GOVT BUSI DES:HCCLAIMPMT ID:2232504574               
88,INDN:NORTHEAST MEDICAL GROU  CO ID:2610647538 CCD           
88,PMT INFO:TRN*1*2232504574*1611241225*WPSEAST  -
16,165,24278,Z,87018306472,000000000000/
88,VPAY E031433169  DES:HCCLAIMPMT ID:061330992                
88,INDN:NORTHEAST MEDICAL GROU  CO ID:752405220  CCD           
88,PMT INFO:TRN*1*1663*1232238152-
16,165,24061,Z,87021406711,000000000000/
88,ZP  STIRLINGB111 DES:HCCLAIMPMT ID:061330992                
88,INDN:NORTHEAST MEDICAL GROU  CO ID:6452579291 CCD           
88,PMT INFO:TRN*1*469253745*1060892635-
16,165,23752,Z,87021691677,000000000000/
88,NALC HOSPITAL    DES:HCCLAIMPMT ID:321818480001601          
88,INDN:NORTHEAST MEDICAL GROU  CO ID:6541875242 CCD           
88,PMT INFO:TRN*1*321818480001601*1530114650~
16,165,23670,Z,87003152024,000000000000/
88,HUMANA GOVT BUSI DES:HCCLAIMPMT ID:2232504568               
88,INDN:NORTHEAST MEDICAL GROU  CO ID:2610647538 CCD           
88,PMT INFO:TRN*1*2232504568*1611241225*WPSEAST  -
16,165,23427,Z,87013526035,000000000000/
88,UMR              DES:HCCLAIMPMT ID:061330992                
88,INDN:NORTHEAST MEDICAL GROU  CO ID:1999999100 CCD           
88,PMT INFO:TRN*1*C625120093586874080882582*13919952           
88,76*0000UMR01-
16,165,22573,Z,87021691675,000000000000/
88,NALC HOSPITAL    DES:HCCLAIMPMT ID:326623780001484          
88,INDN:NORTHEAST MEDICAL GROU  CO ID:6541875242 CCD           
88,PMT INFO:TRN*1*326623780001484*1530114650~
16,165,20548,Z,87018229037,000000000000/
88,STUDENT RESOURCE DES:HCCLAIMPMT ID:061330992                
88,INDN:NORTHEAST MEDICAL GROU  CO ID:1742270442 CCD           
88,PMT INFO:TRN*1*9014583753*1742270442*000087726-
16,165,20016,Z,87021406817,000000000000/
88,ZP  SANDSH115    DES:HCCLAIMPMT ID:061330992                
88,INDN:NORTHEAST MEDICAL GROU  CO ID:7306458084 CCD           
88,PMT INFO:TRN*1*470284331*1311418743-
16,165,19913,Z,87013526019,000000000000/
88,UMR              DES:HCCLAIMPMT ID:061330992                
88,INDN:NORTHEAST MEDICAL GROU  CO ID:1999999100 CCD           
88,PMT INFO:TRN*1*CF94920092904274080814322*13919952           
88,76*0000UMR01-
16,165,19366,Z,87021691671,000000000000/
88,NALC HOSPITAL    DES:HCCLAIMPMT ID:325653740002382          
88,INDN:NORTHEAST MEDICAL GROU  CO ID:6541875242 CCD           
88,PMT INFO:TRN*1*325653740002382*1530114650~
16,165,18908,Z,87013542626,000000000000/
88,PALMETTO GBA     DES:HCCLAIMPMT ID:1043278351               
88,INDN:NORTHEAST MEDICAL GROU  CO ID:9000000096 CCD           
88,PMT INFO:TRN*1*817606631*1571062326~
16,165,18685,Z,88006812897,000000000000/
88,ECHO-Adva-net    DES:HCCLAIMPMT ID:061330992                
88,INDN:Northeast Medical Grou  CO ID:1341858386 CCD           
88,PMT INFO:TRN*1*1130354493*1341858379-
16,165,18346,Z,88007049133,000000000000/
88,ECHO-EMBLEMHEALT DES:HCCLAIMPMT ID:061330992                
88,INDN:NORTHEAST MEDICAL GROU  CO ID:2326137891 CCD           
88,PMT INFO:TRN*1*1130739513*1341858379-
16,165,18344,Z,87012538929,000000000000/
88,WELLCARECTCARE   DES:HCCLAIMPMT ID:100121216453000          
88,INDN:NORTHEAST MEDICAL GROU  CO ID:9038135150 CCD           
88,PMT INFO:TRN*1*1001212164*1061405640-
16,165,17424,Z,87021691669,000000000000/
88,NALC HOSPITAL    DES:HCCLAIMPMT ID:325653740002381          
88,INDN:NORTHEAST MEDICAL GROU  CO ID:6541875242 CCD           
88,PMT INFO:TRN*1*325653740002381*1530114650~
16,165,17419,Z,87003152046,000000000000/
88,HUMANA GOVT BUSI DES:HCCLAIMPMT ID:2232504579               
88,INDN:NORTHEAST MEDICAL GROU  CO ID:2610647538 CCD           
88,PMT INFO:TRN*1*2232504579*1611241225*WPSEAST  -
16,165,16866,Z,87021691673,000000000000/
88,NALC HOSPITAL    DES:HCCLAIMPMT ID:325723340002976          
88,INDN:NORTHEAST MEDICAL GROU  CO ID:6541875242 CCD           
88,PMT INFO:TRN*1*325723340002976*1530114650~
16,165,15795,Z,87003153152,000000000000/
88,ANTHEM BLUE CT5C DES:HCCLAIMPMT ID:3236884407               
88,INDN:NORTHEAST MEDICAL GROU  CO ID:3061475928 CCD           
88,PMT INFO:TRN*1*3236884407*1061475928-
16,165,15634,Z,87003152359,000000000000/
88,HUMANA GOVT BUSI DES:HCCLAIMPMT ID:4001506860               
88,INDN:NORTHEAST MEDICAL GROU  CO ID:1611241225 CCD           
88,PMT INFO:TRN*1*4001506860*1611241225*WPSEAST  -
16,165,15386,Z,87021406727,000000000000/
88,ZP  Gilsbar036   DES:HCCLAIMPMT ID:061330992                
88,INDN:NORTHEAST MEDICAL GROU  CO ID:6452579291 CCD           
88,PMT INFO:TRN*1*469295288*1720519951-
16,165,15261,Z,86007098802,000000000000/
88,AETNA AS01       DES:HCCLAIMPMT ID:1043278351               
88,INDN:Northeast Medical Grou  CO ID:3066033492 CCD           
88,PMT INFO:TRN*1*882408301040376*1066033492-
16,165,15000,Z,88006812903,000000000000/
88,ECHO-Merchants B DES:HCCLAIMPMT ID:061330992                
88,INDN:Northeast Medical Grou  CO ID:1341858386 CCD           
88,PMT INFO:TRN*1*1130354494*1341858379-
16,165,14598,Z,88007049141,000000000000/
88,ECHO-EMBLEMHEALT DES:HCCLAIMPMT ID:061330992                
88,INDN:NORTHEAST MEDICAL GROU  CO ID:2326137891 CCD           
88,PMT INFO:TRN*1*1130739529*1341858379-
16,165,13602,Z,87021406697,000000000000/
88,ZP  AlliedASO985 DES:HCCLAIMPMT ID:061330992                
88,INDN:NORTHEAST MEDICAL GROU  CO ID:6452579291 CCD           
88,PMT INFO:TRN*1*467100717*1363086057-
16,165,13595,Z,87012518319,000000000000/
88,WPS-TMEP CONTRAC DES:HCCLAIMPMT ID:2503513123               
88,INDN:NORTHEAST MEDICAL GROU  CO ID:9387331000 CCD           
88,PMT INFO:TRN*1*2503513123*1391268299*WPSTDEFIC-
16,165,13383,Z,87003152042,000000000000/
88,HUMANA GOVT BUSI DES:HCCLAIMPMT ID:2232504577               
88,INDN:NORTHEAST MEDICAL GROU  CO ID:2610647538 CCD           
88,PMT INFO:TRN*1*2232504577*1611241225*WPSEAST  -
16,165,13258,Z,87021406729,000000000000/
88,ZP  Gilsbar036   DES:HCCLAIMPMT ID:061330992                
88,INDN:NORTHEAST MEDICAL GROU  CO ID:6452579291 CCD           
88,PMT INFO:TRN*1*469295201*1720519951-
16,165,13154,Z,88007049111,000000000000/
88,ECHO-EMBLEMHEALT DES:HCCLAIMPMT ID:061330992                
88,INDN:NORTHEAST MEDICAL GROU  CO ID:2326137891 CCD           
88,PMT INFO:TRN*1*1130739501*1341858379-
16,165,13054,Z,87003152052,000000000000/
88,HUMANA GOVT BUSI DES:HCCLAIMPMT ID:2232504582               
88,INDN:NORTHEAST MEDICAL GROU  CO ID:2610647538 CCD           
88,PMT INFO:TRN*1*2232504582*1611241225*WPSEAST  -
16,165,13034,Z,87003152375,000000000000/
88,HUMANA GOVT BUSI DES:HCCLAIMPMT ID:4001506868               
88,INDN:NORTHEAST MEDICAL GROU  CO ID:1611241225 CCD           
88,PMT INFO:TRN*1*4001506868*1611241225*WPSEAST  -
16,165,12986,Z,87003152357,000000000000/
88,HUMANA GOVT BUSI DES:HCCLAIMPMT ID:4001506859               
88,INDN:NORTHEAST MEDICAL GROU  CO ID:1611241225 CCD           
88,PMT INFO:TRN*1*4001506859*1611241225*WPSEAST  -
16,165,12912,Z,88007049177,000000000000/
88,ECHO-EMBLEMHEALT DES:HCCLAIMPMT ID:061330992                
88,INDN:NORTHEAST MEDICAL GROU  CO ID:2326137891 CCD           
88,PMT INFO:TRN*1*1130739524*1341858379-
16,165,12596,Z,88007049143,000000000000/
88,ECHO-EMBLEMHEALT DES:HCCLAIMPMT ID:061330992                
88,INDN:NORTHEAST MEDICAL GROU  CO ID:2326137891 CCD           
88,PMT INFO:TRN*1*1130739532*1341858379-
16,165,12533,Z,87003152369,000000000000/
88,HUMANA GOVT BUSI DES:HCCLAIMPMT ID:4001506865               
88,INDN:NORTHEAST MEDICAL GROU  CO ID:1611241225 CCD           
88,PMT INFO:TRN*1*4001506865*1611241225*WPSEAST  -
16,165,12526,Z,87021406702,000000000000/
88,ZP  HPI025       DES:HCCLAIMPMT ID:061330992                
88,INDN:NORTHEAST MEDICAL GROU  CO ID:6452579291 CCD           
88,PMT INFO:TRN*1*469742696*1042734278-
16,165,12313,Z,87021406708,000000000000/
88,ZP  NtlElevInd18 DES:HCCLAIMPMT ID:061330992                
88,INDN:NORTHEAST MEDICAL GROU  CO ID:6452579291 CCD           
88,PMT INFO:TRN*1*469277819*1236209407-
16,165,11750,Z,87012518313,000000000000/
88,WPS-TMEP CONTRAC DES:HCCLAIMPMT ID:2503513120               
88,INDN:NORTHEAST MEDICAL GROU  CO ID:9387331000 CCD           
88,PMT INFO:TRN*1*2503513120*1391268299*WPSTDEFIC-
16,165,11636,Z,86007111256,000000000000/
88,AETNA AS01       DES:HCCLAIMPMT ID:1043278351               
88,INDN:Northeast Medical Grou  CO ID:3066033492 CCD           
88,PMT INFO:TRN*1*882408301065976*1066033492-
16,165,11370,Z,87003152377,000000000000/
88,HUMANA GOVT BUSI DES:HCCLAIMPMT ID:4001506869               
88,INDN:NORTHEAST MEDICAL GROU  CO ID:1611241225 CCD           
88,PMT INFO:TRN*1*4001506869*1611241225*WPSEAST  -
16,165,10764,Z,87003152058,000000000000/
88,HUMANA GOVT BUSI DES:HCCLAIMPMT ID:2232504585               
88,INDN:NORTHEAST MEDICAL GROU  CO ID:2610647538 CCD           
88,PMT INFO:TRN*1*2232504585*1611241225*WPSEAST  -
16,165,10661,Z,86007115080,000000000000/
88,AETNA AS01       DES:HCCLAIMPMT ID:1043278351               
88,INDN:Northeast Medical Grou  CO ID:3066033492 CCD           
88,PMT INFO:TRN*1*882408301061694*1066033492-
16,165,10653,Z,87003152050,000000000000/
88,HUMANA GOVT BUSI DES:HCCLAIMPMT ID:2232504581               
88,INDN:NORTHEAST MEDICAL GROU  CO ID:2610647538 CCD           
88,PMT INFO:TRN*1*2232504581*1611241225*WPSEAST  -
16,165,10636,Z,88008341787,000000000000/
88,Oscar Health NY  DES:CREDIT     ID:114265190                
88,INDN:Bank of America         CO ID:9000020357 CCD           
88,PMT INFO:TRN*1*10889334*1462043136~
16,165,10422,Z,87018306560,000000000000/
88,VPAY E031433595  DES:HCCLAIMPMT ID:061330992                
88,INDN:NORTHEAST MEDICAL GROU  CO ID:752405220  CCD           
88,PMT INFO:TRN*1*1253*1232238152-
16,165,10171,Z,86007117182,000000000000/
88,AETNA AS01       DES:HCCLAIMPMT ID:1043278351               
88,INDN:Northeast Medical Grou  CO ID:3066033492 CCD           
88,PMT INFO:TRN*1*882408301059513*1066033492-
16,165,9758,Z,87003152044,000000000000/
88,HUMANA GOVT BUSI DES:HCCLAIMPMT ID:2232504578               
88,INDN:NORTHEAST MEDICAL GROU  CO ID:2610647538 CCD           
88,PMT INFO:TRN*1*2232504578*1611241225*WPSEAST  -
16,165,9644,Z,87003152022,000000000000/
88,HUMANA GOVT BUSI DES:HCCLAIMPMT ID:2232504567               
88,INDN:NORTHEAST MEDICAL GROU  CO ID:2610647538 CCD           
88,PMT INFO:TRN*1*2232504567*1611241225*WPSEAST  -
16,165,9307,Z,87007566654,000000000000/
88,AMERICAN PROGRES DES:HCCLAIMPMT ID:                         
88,INDN:NORTHEAST MEDICAL GROU  CO ID:P131851754 CCD           
88,PMT INFO:TRN*1*1002499656*1131851754-
16,165,9247,Z,87013525478,000000000000/
88,UnitedHealthcare DES:HCCLAIMPMT ID:061330992                
88,INDN:NORTHEAST MEDICAL GROU  CO ID:1780000000 CCD           
88,PMT INFO:TRN*1*UH6350000061920997200552*139199527           
88,6*0000UMR01-
16,165,9196,Z,87003152379,000000000000/
88,HUMANA GOVT BUSI DES:HCCLAIMPMT ID:4001506870               
88,INDN:NORTHEAST MEDICAL GROU  CO ID:1611241225 CCD           
88,PMT INFO:TRN*1*4001506870*1611241225*WPSEAST  -
16,165,8822,Z,87007901777,000000000000/
88,CIGNA HEALTHC AZ DES:HCCLAIMPMT ID:55032305                 
88,INDN:NORTHEAST MEDICAL GROU  CO ID:5015993254 CCD           
88,PMT INFO:TRN*1*55032305*1860334392-
16,165,8696,Z,86007123562,000000000000/
88,AETNA AS01       DES:HCCLAIMPMT ID:1043278351               
88,INDN:Northeast Medical Grou  CO ID:3066033492 CCD           
88,PMT INFO:TRN*1*882408301069808*1066033492-
16,165,8538,Z,87003152038,000000000000/
88,HUMANA GOVT BUSI DES:HCCLAIMPMT ID:2232504575               
88,INDN:NORTHEAST MEDICAL GROU  CO ID:2610647538 CCD           
88,PMT INFO:TRN*1*2232504575*1611241225*WPSEAST  -
16,165,8120,Z,87003152371,000000000000/
88,HUMANA GOVT BUSI DES:HCCLAIMPMT ID:4001506866               
88,INDN:NORTHEAST MEDICAL GROU  CO ID:1611241225 CCD           
88,PMT INFO:TRN*1*4001506866*1611241225*WPSEAST  -
16,165,8061,Z,87013526031,000000000000/
88,UMR              DES:HCCLAIMPMT ID:061330992                
88,INDN:NORTHEAST MEDICAL GROU  CO ID:1999999100 CCD           
88,PMT INFO:TRN*1*CI19820093113684080835263*13919952           
88,76*0000UMR01-
16,165,7911,Z,87003152365,000000000000/
88,HUMANA GOVT BUSI DES:HCCLAIMPMT ID:4001506863               
88,INDN:NORTHEAST MEDICAL GROU  CO ID:1611241225 CCD           
88,PMT INFO:TRN*1*4001506863*1611241225*WPSEAST  -
16,165,7885,Z,87003491768,000000000000/
88,HUMANA AHPNY     DES:HCCLAIMPMT ID:44393921                 
88,INDN:ZIELONKA JANA MD        CO ID:2262800286 CCD           
88,PMT INFO:TRN*1*129309569240326*2262800286-
16,165,7787,Z,87003152034,000000000000/
88,HUMANA GOVT BUSI DES:HCCLAIMPMT ID:2232504573               
88,INDN:NORTHEAST MEDICAL GROU  CO ID:2610647538 CCD           
88,PMT INFO:TRN*1*2232504573*1611241225*WPSEAST  -
16,165,7550,Z,87003152016,000000000000/
88,HUMANA GOVT BUSI DES:HCCLAIMPMT ID:2232504564               
88,INDN:NORTHEAST MEDICAL GROU  CO ID:2610647538 CCD           
88,PMT INFO:TRN*1*2232504564*1611241225*WPSEAST  -
16,165,7350,Z,88006812890,000000000000/
88,ECHO-90 Degree B DES:HCCLAIMPMT ID:061330992                
88,INDN:Northeast Medical Grou  CO ID:1341858386 CCD           
88,PMT INFO:TRN*1*1130354491*1341858379-
16,165,6900,Z,88007049117,000000000000/
88,ECHO-EMBLEMHEALT DES:HCCLAIMPMT ID:061330992                
88,INDN:NORTHEAST MEDICAL GROU  CO ID:2326137891 CCD           
88,PMT INFO:TRN*1*1130739514*1341858379-
16,165,6788,Z,87003152367,000000000000/
88,HUMANA GOVT BUSI DES:HCCLAIMPMT ID:4001506864               
88,INDN:NORTHEAST MEDICAL GROU  CO ID:1611241225 CCD           
88,PMT INFO:TRN*1*4001506864*1611241225*WPSEAST  -
16,165,6449,Z,88007049165,000000000000/
88,ECHO-EMBLEMHEALT DES:HCCLAIMPMT ID:061330992                
88,INDN:NORTHEAST MEDICAL GROU  CO ID:2326137891 CCD           
88,PMT INFO:TRN*1*1130739502*1341858379-
16,165,5638,Z,88007049167,000000000000/
88,ECHO-EMBLEMHEALT DES:HCCLAIMPMT ID:061330992                
88,INDN:NORTHEAST MEDICAL GROU  CO ID:2326137891 CCD           
88,PMT INFO:TRN*1*1130739505*1341858379-
16,165,5349,Z,87003152054,000000000000/
88,HUMANA GOVT BUSI DES:HCCLAIMPMT ID:2232504583               
88,INDN:NORTHEAST MEDICAL GROU  CO ID:2610647538 CCD           
88,PMT INFO:TRN*1*2232504583*1611241225*WPSEAST  -
16,165,5254,Z,87003153819,000000000000/
88,ANTHEM BLUE HP5C DES:HCCLAIMPMT ID:3236884409               
88,INDN:NORTHEAST MEDICAL GROU  CO ID:1133865627 CCD           
88,PMT INFO:TRN*1*3236884409*1133865627-
16,165,5254,Z,88006812919,000000000000/
88,ECHO-Molina      DES:HCCLAIMPMT ID:061330992                
88,INDN:Northeast Medical Grou  CO ID:1341858386 CCD           
88,PMT INFO:TRN*1*1130335945*1341858379-
16,165,5117,Z,87003152020,000000000000/
88,HUMANA GOVT BUSI DES:HCCLAIMPMT ID:2232504566               
88,INDN:NORTHEAST MEDICAL GROU  CO ID:2610647538 CCD           
88,PMT INFO:TRN*1*2232504566*1611241225*WPSEAST  -
16,165,4948,Z,87003152040,000000000000/
88,HUMANA GOVT BUSI DES:HCCLAIMPMT ID:2232504576               
88,INDN:NORTHEAST MEDICAL GROU  CO ID:2610647538 CCD           
88,PMT INFO:TRN*1*2232504576*1611241225*WPSEAST  -
16,165,4916,Z,87003152363,000000000000/
88,HUMANA GOVT BUSI DES:HCCLAIMPMT ID:4001506862               
88,INDN:NORTHEAST MEDICAL GROU  CO ID:1611241225 CCD           
88,PMT INFO:TRN*1*4001506862*1611241225*WPSEAST  -
16,165,4880,Z,88007049113,000000000000/
88,ECHO-EMBLEMHEALT DES:HCCLAIMPMT ID:061330992                
88,INDN:NORTHEAST MEDICAL GROU  CO ID:2326137891 CCD           
88,PMT INFO:TRN*1*1130739504*1341858379-
16,165,4586,Z,87003153148,000000000000/
88,ANTHEM BLUE CT5C DES:HCCLAIMPMT ID:3236884404               
88,INDN:NORTHEAST MEDICAL GROU  CO ID:3061475928 CCD           
88,PMT INFO:TRN*1*3236884404*1061475928-
16,165,4395,Z,88007049125,000000000000/
88,ECHO-EMBLEMHEALT DES:HCCLAIMPMT ID:061330992                
88,INDN:NORTHEAST MEDICAL GROU  CO ID:2326137891 CCD           
88,PMT INFO:TRN*1*1130739530*1341858379-
16,165,4095,Z,87013525482,000000000000/
88,UnitedHealthcare DES:HCCLAIMPMT ID:061330992                
88,INDN:NORTHEAST MEDICAL GROU  CO ID:1780000000 CCD           
88,PMT INFO:TRN*1*UH6360000061921998104669*139199527           
88,6*0000UMR01-
16,165,3871,Z,87012562251,000000000000/
88,NYS DOH          DES:HCCLAIMPMT ID:05588409                 
88,INDN:NORTHEAST MEDICAL GROU  CO ID:1141797357 CCD           
88,PMT INFO:TRN*1*021300073920142*1141797357~
16,165,3174,Z,87021691685,000000000000/
88,NALC HOSPITAL    DES:HCCLAIMPMT ID:321405050002443          
88,INDN:NORTHEAST MEDICAL GROU  CO ID:6541875242 CCD           
88,PMT INFO:TRN*1*321405050002443*1530114650~
16,165,2976,Z,87016241767,000000000000/
88,EXCELLUS         DES:HCCLAIMPMT ID:041001033701706          
88,INDN:NORTHEAST MEDICAL GROU  CO ID:1150329043 CCD           
88,PMT INFO:TRN*1*29329382*1150329043~
16,165,2698,Z,87018306043,000000000000/
88,VPAY E031434748  DES:HCCLAIMPMT ID:061330992                
88,INDN:NORTHEAST MEDICAL GROU  CO ID:752405220  CCD           
88,PMT INFO:TRN*1*24152*1752611444-
16,165,2675,Z,87021691679,000000000000/
88,NALC HOSPITAL    DES:HCCLAIMPMT ID:321421240004137          
88,INDN:NORTHEAST MEDICAL GROU  CO ID:6541875242 CCD           
88,PMT INFO:TRN*1*321421240004137*1530114650~
16,165,2675,Z,87021691683,000000000000/
88,NALC HOSPITAL    DES:HCCLAIMPMT ID:325580500003030          
88,INDN:NORTHEAST MEDICAL GROU  CO ID:6541875242 CCD           
88,PMT INFO:TRN*1*325580500003030*1530114650~
16,165,2384,Z,88007049155,000000000000/
88,ECHO-EMBLEMHEALT DES:HCCLAIMPMT ID:061330992                
88,INDN:NORTHEAST MEDICAL GROU  CO ID:2326137891 CCD           
88,PMT INFO:TRN*1*1130739525*1341858379-
16,165,1609,Z,87021651154,000000000000/
88,ZP  MutualOma520 DES:HCCLAIMPMT ID:061330992                
88,INDN:NORTHEAST MEDICAL GROU  CO ID:9308123000 CCD           
88,PMT INFO:TRN*1*470078915*1470246511-
16,165,1368,Z,87021651152,000000000000/
88,ZP  MutualOma520 DES:HCCLAIMPMT ID:061330992                
88,INDN:NORTHEAST MEDICAL GROU  CO ID:9308123000 CCD           
88,PMT INFO:TRN*1*470078914*1470246511-
16,165,1201,Z,88007049157,000000000000/
88,ECHO-EMBLEMHEALT DES:HCCLAIMPMT ID:061330992                
88,INDN:NORTHEAST MEDICAL GROU  CO ID:2326137891 CCD           
88,PMT INFO:TRN*1*1130739528*1341858379-
16,165,1000,Z,87003152018,000000000000/
88,HUMANA GOVT BUSI DES:HCCLAIMPMT ID:2232504565               
88,INDN:NORTHEAST MEDICAL GROU  CO ID:2610647538 CCD           
88,PMT INFO:TRN*1*2232504565*1611241225*WPSEAST  -
16,165,914,Z,88007049129,000000000000/
88,ECHO-EMBLEMHEALT DES:HCCLAIMPMT ID:061330992                
88,INDN:NORTHEAST MEDICAL GROU  CO ID:2326137891 CCD           
88,PMT INFO:TRN*1*1130739503*1341858379-
16,165,810,Z,87003152028,000000000000/
88,HUMANA GOVT BUSI DES:HCCLAIMPMT ID:2232504570               
88,INDN:NORTHEAST MEDICAL GROU  CO ID:2610647538 CCD           
88,PMT INFO:TRN*1*2232504570*1611241225*WPSEAST  -
16,165,810,Z,87003152056,000000000000/
88,HUMANA GOVT BUSI DES:HCCLAIMPMT ID:2232504584               
88,INDN:NORTHEAST MEDICAL GROU  CO ID:2610647538 CCD           
88,PMT INFO:TRN*1*2232504584*1611241225*WPSEAST  -
16,165,810,Z,87003152361,000000000000/
88,HUMANA GOVT BUSI DES:HCCLAIMPMT ID:4001506861               
88,INDN:NORTHEAST MEDICAL GROU  CO ID:1611241225 CCD           
88,PMT INFO:TRN*1*4001506861*1611241225*WPSEAST  -
16,165,810,Z,87003152373,000000000000/
88,HUMANA GOVT BUSI DES:HCCLAIMPMT ID:4001506867               
88,INDN:NORTHEAST MEDICAL GROU  CO ID:1611241225 CCD           
88,PMT INFO:TRN*1*4001506867*1611241225*WPSEAST  -
16,165,807,Z,86007150574,000000000000/
88,AETNA AS01       DES:HCCLAIMPMT ID:1043278351               
88,INDN:Northeast Medical Grou  CO ID:3066033492 CCD           
88,PMT INFO:TRN*1*882408301065924*1066033492-
16,165,428,Z,87013526041,000000000000/
88,UMR              DES:HCCLAIMPMT ID:061330992                
88,INDN:NORTHEAST MEDICAL GROU  CO ID:1999999100 CCD           
88,PMT INFO:TRN*1*CF95220092962514080820146*13919952           
88,76*0000UMR01-
16,165,329,Z,87012518317,000000000000/
88,WPS-TMEP CONTRAC DES:HCCLAIMPMT ID:2503513122               
88,INDN:NORTHEAST MEDICAL GROU  CO ID:9387331000 CCD           
88,PMT INFO:TRN*1*2503513122*1391268299*WPSTDEFIC-
16,455,1842,Z,87021406830,000000000000/
88,PAY PLUS         DES:ACHTrans   ID:000000018405121          
88,INDN:Northeast Medical Grou  CO ID:5452579291 CCD           
88,PMT INFO:FeeTransfer REF#18405121
49,70802485,747/
03,385015850847,USD/
16,165,1064000,Z,86007013610,000000000000/
88,AETNA AS01       DES:HCCLAIMPMT ID:1467715755               
88,INDN:Yale New Haven Care Co  CO ID:3066033492 CCD           
88,PMT INFO:TRN*1*882408301018273*1066033492-
49,1064000,6/
03,385015853585,USD/
16,165,32252,Z,87016034213,000000000000/
88,Corvel Treasury  DES:HCCLAIMPMT ID:121282192                
88,INDN:Yale New Haven Hospita  CO ID:8953382819 CCD           
88,PMT INFO:TRN*1*5054097/03-26-2024*7953382819*0~
49,32252,6/
03,385015900441,USD/
16,164,6000,Z,87007845855,000000000000/
88,STATE OF CT      DES:VENDOR ACH ID:57437888                 
88,INDN:LMW HEALTHCARE I        CO ID:5066000798 CTX           
88,ADDITIONAL INFORMATION IS AVAILABLE FOR THIS PMT.           
88,CONTACT A TREASURY SALES OFFICER FOR ASSISTANCE.
16,165,7549128,Z,86013903878,000000000000/
88,NATIONAL GOVERNM DES:HCCLAIMPMT ID:410013                   
88,INDN:LMW HEALTHCARE INC      CO ID:K351840597 CCD           
88,PMT INFO:TRN*1*EFT0142450*1351840597*000014411~
16,165,6456308,Z,87013534953,000000000000/
88,UnitedHealthcare DES:HCCLAIMPMT ID:460543230                
88,INDN:WESTERLY HOSPITAL       CO ID:1111187726 CCD           
88,PMT INFO:TRN*1*Q6119231*1411289245*000087726-
16,165,2669900,Z,86013903876,000000000000/
88,NATIONAL GOVERNM DES:HCCLAIMPMT ID:410013                   
88,INDN:LMW HEALTHCARE INC      CO ID:K351840597 CCD           
88,PMT INFO:TRN*1*EFT0142449*1351840597*000014411~
16,165,1290548,Z,87013534999,000000000000/
88,UnitedHealthcare DES:HCCLAIMPMT ID:460543230                
88,INDN:WESTERLY HOSPITAL       CO ID:1111187726 CCD           
88,PMT INFO:TRN*1*C2934895*1411289245*000087726-
16,165,1145185,Z,86007013244,000000000000/
88,AETNA AS01       DES:HCCLAIMPMT ID:1447595368               
88,INDN:LMW Healthcare          CO ID:3066033492 CCD           
88,PMT INFO:TRN*1*882408301005871*1066033492-
16,165,700709,Z,87003152064,000000000000/
88,HUMANA GOVT BUSI DES:HCCLAIMPMT ID:2232507027               
88,INDN:LMW HEALTHCARE          CO ID:2610647538 CCD           
88,PMT INFO:TRN*1*2232507027*1611241225*WPSEAST  -
16,165,530249,Z,87006396996,000000000000/
88,BC & BS RI       DES:HCCLAIMPMT ID:BCAC 0001454016          
88,INDN:WESTERLY HOSPITAL       CO ID:7050158952 CCD           
88,PMT INFO:TRN*1*0001454016*1050158952-                       
88,20240326
16,165,416237,Z,87012519238,000000000000/
88,WPS-TMEP CONTRAC DES:HCCLAIMPMT ID:2503517130               
88,INDN:LMW HEALTHCARE          CO ID:9387331000 CCD           
88,PMT INFO:TRN*1*2503517130*1391268299*WPSTDEFIC-
16,165,364358,Z,87013534803,000000000000/
88,UnitedHealthcare DES:HCCLAIMPMT ID:460543230                
88,INDN:WESTERLY HOSPITAL       CO ID:1111187726 CCD           
88,PMT INFO:TRN*1*C2937990*1411289245*000087726-
16,165,309216,Z,87003153974,000000000000/
88,Tufts Associated DES:HCCLAIMPMT ID:                         
88,INDN:LMW HEALTHCARE INC - O  CO ID:1400000002 CCD           
88,PMT INFO:TRN*1*012443435*1042674079-
16,165,207873,Z,87021406765,000000000000/
88,ZP  GLOBELIFE644 DES:HCCLAIMPMT ID:460543230                
88,INDN:LMW Healthcare Inc.  D  CO ID:6452579291 CCD           
88,PMT INFO:TRN*1*469524159*1731128555-
16,165,173000,Z,87013525642,000000000000/
88,Oxford Health Pl DES:HCCLAIMPMT ID:460543230                
88,INDN:WESTERLY HOSPITAL       CO ID:1152244375 CCD           
88,PMT INFO:TRN*1*26597030*1522443751*000006111-
16,165,168272,Z,88007048497,000000000000/
88,ECHO-EMBLEMHEALT DES:HCCLAIMPMT ID:460543230                
88,INDN:LMW HEALTHCARE INC      CO ID:2326137891 CCD           
88,PMT INFO:TRN*1*1130759029*1341858379-
16,165,163200,Z,87012519240,000000000000/
88,WPS-TMEP CONTRAC DES:HCCLAIMPMT ID:2503517131               
88,INDN:LMW HEALTHCARE          CO ID:9387331000 CCD           
88,PMT INFO:TRN*1*2503517131*1391268299*WPSTDEFIC-
16,165,155139,Z,87013531565,000000000000/
88,UNITEDHEALTHCARE DES:HCCLAIMPMT ID:460543230                
88,INDN:WESTERLY HOSPITAL       CO ID:1411289245 CCD           
88,PMT INFO:TRN*1*1TZ75787696*1411289245*000087726-
16,165,149099,Z,87013529403,000000000000/
88,AARP Supplementa DES:HCCLAIMPMT ID:460543230                
88,INDN:WESTERLY HOSPITAL       CO ID:1362739571 CCD           
88,PMT INFO:TRN*1*91045217717*1362739571*000036273-
16,165,120372,Z,87021406805,000000000000/
88,ZP  WELLCAREH401 DES:HCCLAIMPMT ID:460543230                
88,INDN:LMW Healthcare Inc.  D  CO ID:7306458084 CCD           
88,PMT INFO:TRN*1*470193080*1470937650-
16,165,107090,Z,86013903828,000000000000/
88,NGS  INC.        DES:HCCLAIMPMT ID:1447595368               
88,INDN:LMW HEALTHCARE INC      CO ID:P351840597 CCD           
88,PMT INFO:TRN*1*881901095*1351840597~
16,165,99500,Z,88002044834,000000000000/
88,BANK OF AMERICA  DES:DEPOSIT    ID:313303336884             
88,INDN:LMW HEALTHCARE INC DBA  CO ID:0941687665 CCD
16,165,33591,Z,88007048495,000000000000/
88,ECHO-EMBLEMHEALT DES:HCCLAIMPMT ID:460543230                
88,INDN:LMW HEALTHCARE INC      CO ID:2326137891 CCD           
88,PMT INFO:TRN*1*1130759028*1341858379-
16,165,25100,Z,86021987524,000000000000/
88,OXFORD HEALTH IN DES:HCCLAIMPMT ID:460543230                
88,INDN:WESTERLY HOSPITAL       CO ID:2222797560 CCD           
88,PMT INFO:TRN*1*26603922*1061118515*000006111-
16,165,16800,Z,87013526178,000000000000/
88,UnitedHealthcare DES:HCCLAIMPMT ID:460543230                
88,INDN:WESTERLY HOSPITAL       CO ID:1780000000 CCD           
88,PMT INFO:TRN*1*UH48600001087132026802*1391995276*           
88,0000UMR01-
16,165,12353,Z,87003152062,000000000000/
88,HUMANA GOVT BUSI DES:HCCLAIMPMT ID:2232507026               
88,INDN:LMW HEALTHCARE          CO ID:2610647538 CCD           
88,PMT INFO:TRN*1*2232507026*1611241225*WPSEAST  -
16,165,12352,Z,87018229305,000000000000/
88,Optum VA CCN Reg DES:HCCLAIMPMT ID:460543230                
88,INDN:WESTERLY HOSPITAL       CO ID:1120458126 CCD           
88,PMT INFO:TRN*1*7004251559*1204581265*0000VACCN-
16,165,9858,Z,87010315406,000000000000/
88,Tufts Associated DES:HCCLAIMPMT ID:                         
88,INDN:LMW HEALTHCARE INC - O  CO ID:1272473240 CCD           
88,PMT INFO:TRN*1*000836540*1042918943-
16,165,7494,Z,87021406803,000000000000/
88,ZP  WELLCAREH401 DES:HCCLAIMPMT ID:460543230                
88,INDN:LMW Healthcare Inc.  D  CO ID:7306458084 CCD           
88,PMT INFO:TRN*1*470195002*1470937650-
16,165,7200,Z,87013526176,000000000000/
88,UnitedHealthcare DES:HCCLAIMPMT ID:460543230                
88,INDN:WESTERLY HOSPITAL       CO ID:1780000000 CCD           
88,PMT INFO:TRN*1*UH8982451432100000000000000886*139           
88,1995276*0000UMR01-
16,165,5816,Z,87003152383,000000000000/
88,HUMANA GOVT BUSI DES:HCCLAIMPMT ID:4001508028               
88,INDN:LMW HEALTHCARE          CO ID:1611241225 CCD           
88,PMT INFO:TRN*1*4001508028*1611241225*WPSEAST  -
16,165,4944,Z,88002047538,000000000000/
88,BANK OF AMERICA  DES:DEPOSIT    ID:313773282881             
88,INDN:WESTERLY HOSPITAL PHAR  CO ID:0941687665 CCD
16,165,4751,Z,87013535193,000000000000/
88,UnitedHealthcare DES:HCCLAIMPMT ID:460543230                
88,INDN:WESTERLY HOSPITAL       CO ID:1111187726 CCD           
88,PMT INFO:TRN*1*C6772139*1411289245*000087726-
16,165,773,Z,87018229041,000000000000/
88,STUDENT RESOURCE DES:HCCLAIMPMT ID:460543230                
88,INDN:WESTERLY HOSPITAL       CO ID:1742270442 CCD           
88,PMT INFO:TRN*1*9021004851*1742270442*000087726-
16,455,1207,Z,87021406852,000000000000/
88,PAY PLUS         DES:ACHTrans   ID:000000018482643          
88,INDN:Default debit account   CO ID:5452579291 CCD           
88,PMT INFO:FeeTransfer REF#18482643
49,22923622,136/
03,385015938031,USD/
16,165,524586,Z,86013902841,000000000000/
88,NGS  INC.        DES:HCCLAIMPMT ID:1558748996               
88,INDN:NEMG GASTROENTEROLOGY   CO ID:A351840597 CCD           
88,PMT INFO:TRN*1*812311480*1351840597~
16,165,345410,Z,87013534995,000000000000/
88,UnitedHealthcare DES:HCCLAIMPMT ID:473578382                
88,INDN:NEMG GASTR0             CO ID:1111187726 CCD           
88,PMT INFO:TRN*1*Q6122424*1411289245*000087726-
16,165,232128,Z,86007024812,000000000000/
88,AETNA AS01       DES:HCCLAIMPMT ID:1558748996               
88,INDN:NEMG Gastroenterology   CO ID:3066033492 CCD           
88,PMT INFO:TRN*1*882408301041888*1066033492-
16,165,153000,Z,87013525640,000000000000/
88,Oxford Health Pl DES:HCCLAIMPMT ID:473578382                
88,INDN:NEMG GASTR0             CO ID:1152244375 CCD           
88,PMT INFO:TRN*1*26596972*1522443751*000006111-
16,165,133800,Z,87013527361,000000000000/
88,UnitedHealthcare DES:HCCLAIMPMT ID:473578382                
88,INDN:NEMG GASTR0             CO ID:1713627395 CCD           
88,PMT INFO:TRN*1*26639882*1411289245*000087726-
16,165,115606,Z,87003153371,000000000000/
88,ANTHEM BLUE CT5F DES:HCCLAIMPMT ID:3236884444               
88,INDN:FAIRFIELD COUNTY ENDOS  CO ID:2061475928 CCD           
88,PMT INFO:TRN*1*3236884444*1061475928-
16,165,105603,Z,87013535251,000000000000/
88,UnitedHealthcare DES:HCCLAIMPMT ID:473578382                
88,INDN:NEMG GASTR0             CO ID:1111187726 CCD           
88,PMT INFO:TRN*1*C2935031*1411289245*000087726-
16,165,89750,Z,86021987516,000000000000/
88,OXFORD HEALTH IN DES:HCCLAIMPMT ID:473578382                
88,INDN:NEMG GASTR0             CO ID:2222797560 CCD           
88,PMT INFO:TRN*1*26603452*1061118515*000006111-
16,165,2500,Z,88007203440,000000000000/
88,HRTLAND PMT SYS  DES:TXNS/FEES  ID:650000008675301          
88,INDN:NEMG INTERNAL MEDICINE  CO ID:WFBEHPS001 CCD
49,1702383,37/
03,385015943709,USD/
16,165,1796326,Z,86013904125,000000000000/
88,NATIONAL GOVERNM DES:HCCLAIMPMT ID:071544                   
88,INDN:HOME CARE PLUS INC      CO ID:M351840597 CCD           
88,PMT INFO:TRN*1*EFT1567226*1351840597*000014011~
16,165,1731219,Z,86013903871,000000000000/
88,NATIONAL GOVERNM DES:HCCLAIMPMT ID:077143                   
88,INDN:HOME CARE PLUS INC      CO ID:M351840597 CCD           
88,PMT INFO:TRN*1*EFT1567242*1351840597*000014011~
16,165,1224300,Z,87013535125,000000000000/
88,UnitedHealthcare DES:HCCLAIMPMT ID:061044331                
88,INDN:HOME CARE PLUS INC      CO ID:1111187726 CCD           
88,PMT INFO:TRN*1*Q6091663*1411289245*000087726-
16,165,421500,Z,87013534849,000000000000/
88,UnitedHealthcare DES:HCCLAIMPMT ID:061044331                
88,INDN:HOME CARE PLUS INC      CO ID:1111187726 CCD           
88,PMT INFO:TRN*1*C2934854*1411289245*000087726-
16,165,297700,Z,87013535155,000000000000/
88,UnitedHealthcare DES:HCCLAIMPMT ID:061044331                
88,INDN:HOME CARE PLUS INC      CO ID:1111187726 CCD           
88,PMT INFO:TRN*1*Q6082408*1411289245*000087726-
16,165,204000,Z,88007048461,000000000000/
88,ECHO-EMBLEMHEALT DES:HCCLAIMPMT ID:061044331                
88,INDN:HOME CARE PLUS INC      CO ID:2326137891 CCD           
88,PMT INFO:TRN*1*1130739283*1341858379-
16,165,195300,Z,87013535295,000000000000/
88,UnitedHealthcare DES:HCCLAIMPMT ID:061044331                
88,INDN:HOME CARE PLUS INC      CO ID:1111187726 CCD           
88,PMT INFO:TRN*1*C2934388*1411289245*000087726-
16,165,78500,Z,88007048467,000000000000/
88,ECHO-EMBLEMHEALT DES:HCCLAIMPMT ID:061044331                
88,INDN:HOME CARE PLUS INC      CO ID:2326137891 CCD           
88,PMT INFO:TRN*1*1130739284*1341858379-
16,466,68385505,Z,88001495597,000000000000/
88,YALE NEW HAVEN H  DES:PR PAYMENT  FL# 24086001162           
88,INDN:SETT-BATCH 1061044331  CO ID:1061044331 CCD
49,74334350,37/
03,385015944863,USD/
16,165,1442601,Z,86013904127,000000000000/
88,NATIONAL GOVERNM DES:HCCLAIMPMT ID:077015                   
88,INDN:VISITING NURSE ASSOCIA  CO ID:M351840597 CCD           
88,PMT INFO:TRN*1*EFT1567231*1351840597*000014011~
16,165,457100,Z,87013535087,000000000000/
88,UnitedHealthcare DES:HCCLAIMPMT ID:060646616                
88,INDN:Visiting Nurse Associa  CO ID:1111187726 CCD           
88,PMT INFO:TRN*1*C2934674*1411289245*000087726-
16,165,445500,Z,87013534859,000000000000/
88,UnitedHealthcare DES:HCCLAIMPMT ID:060646616                
88,INDN:Visiting Nurse Associa  CO ID:1111187726 CCD           
88,PMT INFO:TRN*1*Q6088058*1411289245*000087726-
16,466,28539873,Z,88001495627,000000000000/
88,YALE NEW HAVEN H  DES:PR PAYMENT  FL# 24086001636           
88,INDN:SETT-BATCH 1060646616  CO ID:1060646616 CCD
49,30885074,17/
03,385015956576,USD/
16,165,199280,Z,86013885184,000000000000/
88,DDNJ             DES:HCCLAIMPMT ID:2222664                  
88,INDN:YALE NEW HAVEN HOSPITA  CO ID:9151552010 CCD           
88,PMT INFO:TRN*1*2222664*1221896118~
16,165,98250,Z,88001975469,000000000000/
88,BANK OF AMERICA  DES:DEPOSIT    ID:737314362887             
88,INDN:DEPT DENISTRY MYCHART   CO ID:941687665B CCD
16,165,96800,Z,86013885244,000000000000/
88,DDNJ             DES:HCCLAIMPMT ID:2224962                  
88,INDN:YALE NEW HAVEN HOSPITA  CO ID:9151552010 CCD           
88,PMT INFO:TRN*1*2224962*1221896118~
16,165,71550,Z,88008341719,000000000000/
88,VCI Clear        DES:Settlement ID:835282B0324              
88,INDN:Yale New Haven Hospita  CO ID:4013137ZST CCD
16,165,48000,Z,86013884966,000000000000/
88,DDNJ             DES:HCCLAIMPMT ID:2217579                  
88,INDN:YALE NEW HAVEN HOSPITA  CO ID:9151552010 CCD           
88,PMT INFO:TRN*1*2217579*1221896118~
16,165,39000,Z,86013885216,000000000000/
88,DDNJ             DES:HCCLAIMPMT ID:2224049                  
88,INDN:YALE NEW HAVEN HOSPITA  CO ID:9151552010 CCD           
88,PMT INFO:TRN*1*2224049*1221896118~
16,165,32160,Z,86013885164,000000000000/
88,DDNJ             DES:HCCLAIMPMT ID:2222191                  
88,INDN:YALE NEW HAVEN HOSPITA  CO ID:9151552010 CCD           
88,PMT INFO:TRN*1*2222191*1221896118~
16,165,29280,Z,88001968258,000000000000/
88,BANK OF AMERICA  DES:DEPOSIT    ID:737180007889             
88,INDN:YNHH DEPT OF DENISTRY   CO ID:941687665B CCD
16,165,25600,Z,86013885104,000000000000/
88,DDNJ             DES:HCCLAIMPMT ID:2221389                  
88,INDN:YALE NEW HAVEN HOSPITA  CO ID:9151552010 CCD           
88,PMT INFO:TRN*1*2221389*1221896118~
16,165,11900,Z,86013885252,000000000000/
88,DDNJ             DES:HCCLAIMPMT ID:2225508                  
88,INDN:YALE NEW HAVEN HOSPITA  CO ID:9151552010 CCD           
88,PMT INFO:TRN*1*2225508*1221896118~
16,165,5000,Z,86013884974,000000000000/
88,DDNJ             DES:HCCLAIMPMT ID:2217616                  
88,INDN:YALE NEW HAVEN HOSPITA  CO ID:9151552010 CCD           
88,PMT INFO:TRN*1*2217616*1221896118~
49,656820,43/
03,385015976006,USD/
16,165,122800,Z,88007203484,000000000000/
88,HRTLAND PMT SYS  DES:TXNS/FEES  ID:650000007745444          
88,INDN:NEMG NE 40              CO ID:WFBEHPS001 CCD
16,165,82500,Z,88007203483,000000000000/
88,HRTLAND PMT SYS  DES:TXNS/FEES  ID:650000007743431          
88,INDN:NEMG NE 29              CO ID:WFBEHPS001 CCD
16,165,39000,Z,88007203391,000000000000/
88,HRTLAND PMT SYS  DES:TXNS/FEES  ID:650000007743068          
88,INDN:NEMG NE 11              CO ID:WFBEHPS001 CCD
16,165,28000,Z,88007203409,000000000000/
88,HRTLAND PMT SYS  DES:TXNS/FEES  ID:650000007747523          
88,INDN:NEMG NE 31              CO ID:WFBEHPS001 CCD
16,165,26000,Z,88007203477,000000000000/
88,HRTLAND PMT SYS  DES:TXNS/FEES  ID:650000007745444          
88,INDN:NEMG NE 40              CO ID:WFBEHPS001 CCD
16,165,26000,Z,88007203500,000000000000/
88,HRTLAND PMT SYS  DES:TXNS/FEES  ID:650000007743472          
88,INDN:NEMG NE 34              CO ID:WFBEHPS001 CCD
16,165,22000,Z,88007203472,000000000000/
88,HRTLAND PMT SYS  DES:TXNS/FEES  ID:650000007743134          
88,INDN:NEMG NE 16              CO ID:WFBEHPS001 CCD
16,165,20000,Z,88007203414,000000000000/
88,HRTLAND PMT SYS  DES:TXNS/FEES  ID:650000007743258          
88,INDN:NEMG NE 21              CO ID:WFBEHPS001 CCD
16,165,18000,Z,88007203444,000000000000/
88,HRTLAND PMT SYS  DES:TXNS/FEES  ID:650000007743472          
88,INDN:NEMG NE 34              CO ID:WFBEHPS001 CCD
16,165,17500,Z,88007203412,000000000000/
88,HRTLAND PMT SYS  DES:TXNS/FEES  ID:650000007743290          
88,INDN:NEMG NE 25              CO ID:WFBEHPS001 CCD
16,165,15500,Z,88007203466,000000000000/
88,HRTLAND PMT SYS  DES:TXNS/FEES  ID:650000007747507          
88,INDN:NEMG NE 30              CO ID:WFBEHPS001 CCD
16,165,14500,Z,88007203459,000000000000/
88,HRTLAND PMT SYS  DES:TXNS/FEES  ID:650000007743035          
88,INDN:NEMG NE 09              CO ID:WFBEHPS001 CCD
16,165,13000,Z,88007203476,000000000000/
88,HRTLAND PMT SYS  DES:TXNS/FEES  ID:650000007741773          
88,INDN:NEMG NE 40              CO ID:WFBEHPS001 CCD
16,165,11000,Z,88007203435,000000000000/
88,HRTLAND PMT SYS  DES:TXNS/FEES  ID:650000007745402          
88,INDN:NEMG NE 36              CO ID:WFBEHPS001 CCD
16,165,10000,Z,88007203434,000000000000/
88,HRTLAND PMT SYS  DES:TXNS/FEES  ID:650000007743506          
88,INDN:NEMG NE 35              CO ID:WFBEHPS001 CCD
16,165,10000,Z,88007203473,000000000000/
88,HRTLAND PMT SYS  DES:TXNS/FEES  ID:650000007743472          
88,INDN:NEMG NE 34              CO ID:WFBEHPS001 CCD
16,165,9500,Z,88007203415,000000000000/
88,HRTLAND PMT SYS  DES:TXNS/FEES  ID:650000007743092          
88,INDN:NEMG NE 13              CO ID:WFBEHPS001 CCD
16,165,6500,Z,88007203449,000000000000/
88,HRTLAND PMT SYS  DES:TXNS/FEES  ID:650000007745444          
88,INDN:NEMG NE 40              CO ID:WFBEHPS001 CCD
16,165,4500,Z,88007203408,000000000000/
88,HRTLAND PMT SYS  DES:TXNS/FEES  ID:650000007743225          
88,INDN:NEMG NE 18              CO ID:WFBEHPS001 CCD
16,165,4500,Z,88007203451,000000000000/
88,HRTLAND PMT SYS  DES:TXNS/FEES  ID:650000007747424          
88,INDN:NEMG NE 92              CO ID:WFBEHPS001 CCD
16,165,4000,Z,88007203395,000000000000/
88,HRTLAND PMT SYS  DES:TXNS/FEES  ID:650000007745402          
88,INDN:NEMG NE 36              CO ID:WFBEHPS001 CCD
16,165,3000,Z,88007203411,000000000000/
88,HRTLAND PMT SYS  DES:TXNS/FEES  ID:650000007745493          
88,INDN:NEMG NE 42              CO ID:WFBEHPS001 CCD
16,165,1500,Z,88007203452,000000000000/
88,HRTLAND PMT SYS  DES:TXNS/FEES  ID:650000007743118          
88,INDN:NEMG NE 14              CO ID:WFBEHPS001 CCD
49,509300,71/
98,2963844228,20,3137/
99,2963844228,1,3139/
